2482 4650
881 196 913 233 ·.
966 197 979 215 1<
1035 171 1114 244 nn

20 356 26 373 '
72 364 190 428 tatum
204 344 479 448 imperialium,
515 336 749 445 circulorum
777 363 814 426 et
839 340 1114 431 Provinciamrn

72 475 213 580 lmperii
231 473 647 556 Romano-Germanici
665 476 828 556 declarat.
878 477 935 554 Ex
956 466 1112 556 Germe·
1220 562 1223 575 ,

71 612 135 683 nia·
151 601 368 708 progressus
380 598 423 682 fit
435 629 499 707 per
512 605 710 704 Helvet'os‚
737 602 1115 708 quorum'Scriptores
1150 598 1156 609 ‘

69 750 182 838 caput
194 728 420 834 vigesumum
435 732 584 812 Sextum
595 732 827 834 constituunt,
846 742 885 812 in
898 735 1048 830 lulium,
1067 731 1114 810 de

68 863 361 970 quaSctiptores
380 868 418 939 in
431 868 545 965 capite
564 858 745 965 Vigesrnro
765 858 926 966 Septimo
948 858 1113 938 reserun-
1178 962 1179 973 Ν
1232 836 1237 867 '

68 1006 141 1072 tur.
194 986 392 1092 Supersunt
403 986 522 1069 adhuc
532 1014 645 1095 regna
658 991 960 1095 septentrionalia,
980 1006 1017 1068 ct
1032 993 1112 1094 qui·

65 1120 156 1201 dem
171 1119 374 1221 Scriptores
386 1115 562 1199 Historiae
573 1118 736 1198 Danicae
754 1136 791 1198 et
812 1119 1053 1219 Norwegicae
1072 1123 1113 1194 in
1226 1206 1229 1211 ¹

66 1256 187 1353 capite
197 1242 565 1349 vigesmo'ottam,
589 1247 786 1352 Scriptores
798 1242 1125 1329 Hilioria'e.8ueci·.
1197 1260 1226 1319 .·

65 1403 136 1459 cae
153 1383 194 1456 in
214 1383 330 1479 capite
349 1369 533 1478 Vigesrrno
554 1375 689 1473 Nono,
717 1374 915 1479 Scriptores
934 1372 1112 1453 Historiae
1147 1447 1155 1471 ,
1183 1348 1189 1367 x

63 1508 287 1603 Polonicae,
309 1503 546 1583 Lithuanieae
558 1521 667 1606 atque
680 1503 940 1585 Moscoviticae
961 1509 1110 1606 incapi-

62 1656 107 1717 te
139 1625 349 1735 Trigesrmo
379 1650 649 1736 proponuntur.
708 1634 892 1712 Ultimum
922 1630 972 1711 est
988 1624 1111 1735 ‘caput

61 1756 320 1866 Trigesrmum
330 1758 505 1858 Primum,
530 1758 631 1865 quod
642 1768 714 1865 agit
727 1762 771 1841 de
785 1760 1027 1866 scriptoribus,
1045 1765 1111 1864 qui
1209 1758 1215 1777 '

61 1888 384 1973 lnuodutoonem
410 1895 451 1969 in
471 1888 664 1969 Historiam
685 1889 899 1993 Regnorum
921 1890 1110 1991 dederunt,

60 2018 351 2123 Geographicls',
372 2018 672 2121 Chronotogtcis,
691 2021 906 2119 Heraldicis,
931 2021 977 2098 de
997 2017 1110 2099 Ordi-
1223 2002 1240 2041 ι’

63 2151 178 2233 nibus
191 2146 431 2253 equestribus,
452 2147 671 2229 calendariis
685 2167 721 2228 et
739 2150 968 2230 Ditlionariir
988 2146 1110 2261 Histo-

64 2285 163 2361 ricis.
214 2279 257 2356 ln
277 2278 574 2357 Monarchiarum
593 2278 826 2382 descriptione
847 2285 1065 2380 antiquiores
1087 2302 1111 2381 ².

63 2405 332 2489 recentioribus
349 2404 505 2500 distinxi3
525 2408 724 2511 Scriptores
743 2404 1109 2517 historiaeuniversa·
1211 2392 1227 2495 J

62 2539 110 2617 lis
123 2533 325 2615 secundum
337 2532 463 2615 secula.
515 2537 612 2615 lnter
625 2560 824 2637 regnorum
843 2537 1110 2639 particularium
1137 2531 1162 2557 ''

62 2666 269 2768 Scriptores
283 2658 445 2768 praemisi
456 2664 607 2767 semper,
634 2673 695 2766 qui
716 2666 1030 2770 chorographiam,
1042 2661 1110 2745 stt·

63 2814 152 2877 tum
174 2798 333 2895 regionis
357 2793 417 2872 vel
440 2811 607 2874 naturam
627 2796 830 2874 incolarum
855 2793 1108 2900 exposuerunt.
1218 2830 1224 2847 ··

62 2926 138 3006 He
162 2918 331 3000 subiunxi
352 2920 452 3024 illos,
478 2928 541 3027 qui
566 2927 741 3025 originem
767 2933 901 3026 gentis,
927 2916 1109 3005 historiam

63 3054 130 3133 vel
149 3048 387 3130 universalem
411 3058 512 3153 regni
532 3053 592 3132 vel
609 3050 807 3139 secundum
826 3063 1012 3158 pericopas
1034 3052 1107 3130 Re-

63 3208 161 3287 gum
174 3178 387 3279 dedndm,
408 3182 468 3259 vel
483 3180 637 3284 denique
653 3183 880 3285 particulares
902 3201 1055 3264 eventus
1070 3197 1108 3261 et

63 3306 453 3413 mladetorpserunt„
491 3308 699 3412 Sequuntur
713 3311 881 3410 demum,
905 3318 967 3415 qui
981 3310 1024 3388 ad
1038 3337 1106 3414 po·

56 3442 203 3520 liticam
227 3435 382 3536 faciunt,
412 3455 491 3517 tum
520 3435 677 3525 sormam
699 3445 899 3542 regiminis,
932 3436 1109 3518 ministros

26 3612 31 3621 ·
64 3574 303 3672 praecipuos,
323 3564 484 3646 interesse
499 3568 701 3671 publicum,
724 3586 760 3647 et
774 3592 868 3669 quae
880 3567 935 3645 his
949 3566 1107 3656 adnexa3

68 3703 273 3776 tumetiam
289 3692 418 3772 statum
434 3691 727 3795 ecclesiasticum,
749 3721 827 3772 rem
854 3703 1107 3796 nummariam,
1209 3694 1215 3701 ’

10 3858 12 3867 ·
69 3818 219 3924 msrgrua
234 3841 342 3927 atque
356 3824 419 3900 alia
432 3825 657 3926 explicantes.
707 3826 934 3905 Extantiores
949 3825 1108 3928 Scripto-

71 3970 182 4056 resct
198 3958 260 4057 qui
272 3956 429 4033 meruitne
451 3947 741 4036 considerationis
761 3952 856 4057 digni
878 3954 976 4055 sunt,
1028 3981 1107 4034 non

1030 4079 1106 4164 sine
