2482 4650
1109 206 1115 219 ἱ

1100 232 1215 310 xtx*

120 403 288 502 paona,
306 424 356 480 ne
375 400 514 503 plagula
530 401 676 521 quidem
695 413 812 509 operis
833 424 980 491 mutata.
1008 378 1163 518 'Quan-

118 506 245 607 doque
256 513 370 607 prima
383 523 524 583 tantum
536 524 576 585 et
585 527 745 589 extrema
757 537 801 614 pa
826 514 974 593 ellarum
989 517 1159 618 mutatae,

115 612 219 690 hisce
234 608 363 711 aliquid
377 604 529 686 assutum
541 608 608 703 est,-
634 612 684 690 ad
693 537 865 696 fallendos
881 618 1158 725 adiciendusque

113 738 240 795 novos
254 731 423 791 emtores.
474 712 567 792 Sunt
579 714 689 811 Libri,
708 742 868 819 quotum
879 724 1005 801 titulus'
1017 731 1077 801 vix
1092 749 1157 827 pet

111 844 255 899 annum
275 813 487 915 bibliopolae
502 817 649 920 placuit,
671 836 706 898 et
726 845 815 900 cum
835 830 978 923 nigrum
997 835 1155 929 primum

103 918 277 1017 dedisset,
299 925 362 995 vix
387 944 466 999 uno
498 918 559 999 a'ut
587 923 701 1001 altero
725 948 825 1004 anno
852 925 970 1030 elapso
1001 930 1153 1011 rubrum

103 1022 454 1131 splendidioremque
482 1023 643 1121 exhibet,
677 1044 806 1127 putant
830 1034 927 1107 enim
947 1032 1150 1134 elegantem

108 1136 217 1208 etiam
247 1127 393 1205 titulum
419 1125 550 1204 librum
569 1124 689 1205 facere
709 1128 1006 1231 vendibiliorem.¹
1038 1137 1149 1237 Qrae
1185 1156 1191 1167 ‘

106 1232 191 1311 lane
207 1246 323 1328 artes,
359 1244 397 1307 et
417 1227 628 1309 necessariae
648 1231 725 1310 illae
745 1230 848 1336 saepe
867 1236 1089 1339 quandoque
1107 1247 1146 1319 in

104 1341 252 1440 optimis
276 1329 644 1436 praestantislmaisque
677 1334 790 1432 libris,
819 1335 888 1414 dici
916 1364 996 1418 non
1030 1340 1145 1440 potell
1188 1350 1191 1362 '

101 1456 284 1544 quantum
300 1442 338 1512 in
352 1459 394 1513 te
414 1436 577 1515 bttetaria
597 1455 635 1517 et
651 1437 793 1517 libraria
814 1439 971 1521 turbent.
1023 1441 1143 1524 Caute

98 1549 223 1644 ltaque
243 1537 382 1618 censori
400 1539 735 1642 pronunciandum,
763 1568 834 1620 nec
851 1541 965 1622 statim
989 1544 1142 1626 oscitan·
1218 1588 1224 1599 ,

96 1653 169 1725 tiae
184 1639 473 1740 adscribendum,
497 1644 599 1746 quod
617 1646 784 1747 exemplo
800 1648 915 1726 oculis
936 1656 1008 1726 tuis
1023 1648 1139 1729 subte-

97 1746 181 1847 tto,
201 1772 282 1855 non
303 1754 481 1849 congruit.
534 1747 665 1849 Neque
684 1766 807 1828 tamen
826 1752 882 1828 his
902 1750 1138 1833 excusationi·

88 1851 164 1930 bus
183 1848 220 1927 id
242 1850 351 1947 volo,
374 1875 417 1927 ac
441 1846 469 1927 st
494 1856 566 1927 mei
587 1873 728 1930 errores
749 1853 804 1931 his
830 1849 1138 1937 observationibus

119 1980 186 2033 uas
200 1951 361 2032 conditio
373 1958 425 2029 rei
438 1951 598 2030 librariae
617 1952 695 2051 dat,
715 1950 849 2056 possint
868 1961 951 2058 tegi.
1001 1959 1135 2040 Homo

90 1980 193 2153 stam,
212 2062 251 2133 in
267 2067 308 2151 tc'
327 2056 465 2134 libraria
487 2073 524 2135 et
547 2057 696 2135 literaria
715 2057 943 2138 mediocriter
962 2060 1134 2160 versatus,
1169 2058 1173 2071 '

89 2179 130 2240 et
144 2160 230 2238 dum
244 2160 344 2236 hunc
356 2157 518 2238 laborem
534 2155 668 2262 suscepi
681 2176 717 2239 et
727 2169 867 2263 peregi,
888 2164 961 2241 aliis
973 2164 1133 2266 etlonge

88 2262 315 2368 gravioribus
329 2282 549 2364 occupatus,
570 2286 664 2364 quae
686 2287 794 2341 cutae
813 2263 915 2367 saepe
937 2274 1039 2344 omni
1056 2265 1130 2344 stu·

88 2366 151 2447 dio
166 2362 461 2469 pervestigantem
475 2372 565 2442 mite
582 2364 845 2467 perturbarunt.
899 2366 1044 2446 Omnes
1062 2375 1128 2447 ita·

85 2495 182 2573 que,
215 2466 346 2570 quibus
365 2466 534 2572 inspicere
553 2469 650 2545 hanc
670 2467 947 2571 Bibliothecam,
982 2470 1127 2548 eadem·

81 2573 479 2755 {simillimis
493 2568 701 2753 libbi
715 2571 1134 2756 sibilastis·
1193 2590 1238 2697 ¹,

78 2698 1122 2982 nintrintilianumlatu

77 2981 317 3086 praedicanda
334 3008 464 3062 eorum
477 2982 745 3078 benevolentia,
770 2991 830 3084 qui
845 2939 1006 3062 tiberem
1020 2987 1120 3063 hunc
1227 3014 1238 3025 ·

77 3085 169 3164 mihi
187 3109 251 3187 per
271 3084 307 3164 se
328 3084 524 3166 taediosum
537 3090 714 3184 maxime,
739 3085 941 3181 sublevare,
972 3088 1120 3164 conces·
1227 3180 1231 3189 ι

77 3184 196 3291 suque
208 3189 296 3266 mili
309 3187 378 3268 suis
391 3190 632 3268 Bibliothecae
648 3188 857 3266 Struvianae
874 3191 1046 3290 exemplis
1066 3189 1085 3267 s
1100 3230 1117 3247 ·

77 3292 241 3371 uiliorem
255 3291 402 3370 reddere
422 3294 628 3372 voluerunt.
681 3286 896 3371 Transmifit
920 3299 1036 3388 enim,
1056 3299 1118 3395 qui
1205 3358 1218 3382 χ

77 3393 218 3496 Regiae.
232 3412 268 3474 et
294 3395 482 3476 Eledlorali
506 3393 725 3472 Academiae
748 3390 978 3496 Gottingenst
1007 3404 1116 3474 orna·
1193 3468 1199 3477 .

77 3515 205 3576 mento
221 3495 291 3595 eti,
320 3496 456 3577 illustris
471 3500 534 3575 Vir
556 3515 593 3575 et
614 3495 724 3576 lCtus
745 3494 1021 3598 elegantiffimus
1040 3522 1113 3577 ou·
1234 3566 1237 3571 .

77 3624 252 3681 cuorus
280 3624 603 3680 cutusrrtuus
634 3623 897 3678 oruauuaus
924 3598 1027 3678 suum
1048 3627 1113 3681 ex·
1228 3602 1231 3607 ’

77 3705 255 3806 emplum,
282 3730 365 3883 ¹quo
393 3703 476 3783 usus
499 3702 587 3781 dum
606 3710 646 3780 in
664 3701 815 3782 Misniae
839 3720 875 3781 et
895 3702 1114 3811 Germaniae

77 3807 196 3889 ucello
211 3809 350 3910 Lip1a‚
372 3832 503 3908 magna
528 3812 687 3884 nominis
704 3804 905 3885 celebritate
923 3828 981 3880 tes
996 3805 1112 3884 erud:
1233 3870 1240 3889 ,

77 3929 124 4015 tas
138 3928 280 4011 ageret,
302 3912 611 4012 Bibliodrecasque
630 3905 796 4005 illustres,
824 3913 1030 4010 cumprimis
1049 3908 1113 3986 Se-

77 4020 255 4096 natoriam
276 4008 552 4120 copiosrsfimam
570 4008 709 4193 cupiose
722 4007 1114 4192 pervestigarethprae·

401 4152 403 4157 .
665 4139 685 4187 a
1011 4133 1113 4201 ,otei
