2482 4650
23 210 26 219 ·
159 193 267 253 xvrrr
343 232 346 245 ,

80 410 85 417 -
157 355 403 463 demsemper
424 342 618 438 sententiae
645 344 787 436 innan
814 350 1051 460 repetendae,
1071 350 1208 459 ‘quum‘

158 489 241 543 non
253 457 370 540 nisrin
389 460 606 540 huiusmodi·
618 460 823 565 vulgaribus
843 458 961 558 libris,
983 458 1211 560 congerendi

5 588 7 595 ·
83 656 86 660 ¹
160 565 340 668 diligentia
361 581 398 644 et
413 564 510 644 bona
524 564 715 644 audiorum
734 569 888 642 intentio
904 558 974 641 sint
994 561 1212 657 collaudant·-¹

108 730 112 743 ς
158 667 240 745 dae.
289 663 515 749 Potiffimum
529 668 603 746 hoc
624 672 664 745 in
678 663 894 769 praefamine
912 665 1095 746 exoranda
1115 666 1209 744 mihi

27 848 31 863 ,
153 769 212 851 est
223 770 387 872 benigni,
411 770 568 868 cordati,
593 787 630 849 et
644 771 752 848 huius
767 775 970 872 argumenti
988 792 1122 871 operae
1141 792 1211 872 pe·

123 874 126 883 ’
156 872 392 953 ritiLedioris
409 873 648 975 indulgentia,
669 873 719 950 ob
744 869 952 952 comniilor
975 892 1139 970 errores,
1168 889 1210 952 et

5 968 8 991 '
156 973 373 1077 scriptorum
395 975 623 1078 quorundam
640 971 882 1055 omiffionern.
934 974 1045 1076 Quae
1059 971 1145 1051 sane
1165 982 1209 1054 in

146 1094 260 1157 ,tanta
278 1096 315 1157 et
326 1076 401 1157 sere
414 1073 552 1157 infinita
572 1072 823 1159 historicorum
838 1083 946 1180 copia
960 1077 1021 1156 vei
1039 1074 1220 1156 oculatis·-

156 1174 253 1262 srmo
269 1199 306 1261 et
319 1178 580 1283 diligentiffimo
596 1189 810 1282 contingere
824 1177 951 1284 potest,
973 1181 1055 1258 licet
1068 1178 1113 1257 ad
1126 1204 1208 1259 nra·
1236 1202 1239 1207 ·

156 1280 660 1365 nushabeatinihudlillnnas
673 1284 914 1365 bibliothecas.
967 1280 1010 1361 ln
1028 1306 1207 1363 numeros

109 1384 112 1391 ’
156 1385 378 1489 ordinesque
404 1394 477 1464 iam
498 1386 648 1466 renatas
666 1384 976 1489 praestantioribus
994 1384 1131 1464 facilius
1156 1384 1206 1465 eii

8 1494 11 1499 ’
34 1528 37 1533 1
78 1557 86 1563 .
155 1487 419 1592 indicare,.qui
436 1486 506 1568 sint
519 1486 657 1589 omissi,
683 1504 792 1592 atque
812 1489 958 1590 quidem
976 1480 1032 1568 ita¹
1044 1487 1207 1590 digerere

22 1666 35 1693 κ
154 1592 224 1670 has
246 1608 361 1672 tantas
384 1598 527 1695 copias,
554 1592 749 1671 hincinde
774 1590 959 1694 dispersas,
989 1594 1206 1694 nullumque

108 1738 111 1745 ·
156 1694 265 1796 plane
281 1700 468 1793 omittere,
493 1702 556 1798 qui
570 1701 921 1776 commemoratione
933 1693 1047 1774 furtin
1062 1693 1204 1796 dignus.

67 1844 69 1849 ·
154 1796 275 1897 Qrod
289 1810 380 1877 vero
395 1796 440 1875 ad
455 1819 569 1877 errata
586 1806 731 1901 attinet,
754 1805 904 1901 quaein
915 1795 1126 1877 nominibus
1141 1822 1206 1874 au·

5 1972 8 1981 .
155 1897 327 1999 diorum,
350 1897 594 2002 designatione
616 1927 730 2004 porro
750 1903 824 1980 loci
850 1901 1118 2004 typographici‚
1141 1916 1205 1978 aut

154 2022 421 2105 numerorum,
448 2005 580 2105 quibus
592 2024 754 2107 tempus,
778 2024 814 2082 et
829 2004 918 2082 libri·
931 2003 1049 2083 forma
1068 2002 1204 2083 indica·

154 2118 238 2205 tur,
266 2114 561 2204 committuntur,
588 2126 736 2209 rogatos
758 2106 849 2186 volo
864 2105 1055 2185 benivolos
1069 2107 1232 2209 Leito-¹

26 2220 32 2285 .’
153 2229 216 2283 res
233 2223 270 2285 et
285 2208 472 2304 censores,
495 2235 542 2287 ne
557 2210 627 2289 hos
649 2234 781 2289 omnes
803 2207 989 2287 colledlori
1008 2208 1204 2288 Bibliothe·
1232 2206 1237 2215 ’

154 2332 223 2387 cae
239 2307 414 2434 tribuant,
439 2308 541 2391 sedfi
562 2320 613 2390 rel
626 2313 906 2417 typographicae
925 2311 1120 2389 hodiernae
1135 2308 1204 2395 suri

153 2433 284 2593 iiiia
301 2410 1205 2621 iiiiii*’cirilli‘iiiitiiiilth‘t

155 2615 380 2720 quandoque
393 2625 432 2696 in
446 2627 605 2699 numeris
619 2638 656 2698 et
668 2618 748 2697 casu
764 2614 842 2696 fieri
859 2615 992 2720 potest,
1014 2618 1141 2721 quales
1151 2628 1205 2701 rei

153 2717 317 2796 librariae
341 2738 377 2798 et
395 2724 672 2823 typographicae
692 2727 830 2825 peritis,
860 2717 988 2801 diversi
1011 2727 1090 2801 noti
1110 2720 1202 2805 sunt

153 2817 334 2925 cogitent
344 2847 457 2927 porro
474 2844 510 2903 er
522 2823 620 2904 noar
635 2823 833 2926 erudirique
853 2829 941 2926 viri,
971 2823 1133 2903 librariae
1151 2834 1203 2904 rei

152 2941 364 3025 amatores,
389 2942 425 3005 et
440 2929 528 3007 olirn
568 2944 605 3006 et
619 2926 744 3007 nostro
759 2951 853 3009 aevo
896 2925 1060 3006 variisde
1073 2925 1229 3011 carih

49 3053 51 3057 ¹
151 3050 178 3103 a
191 3025 392 3132 bibliopolis
405 3048 440 3109 cr
459 2987 711 3134 typbgraphis,
734 2987 874 3111 multas,
884 3029 1137 3133 mirabilesque
1156 3038 1202 3112 ri·

152 3130 317 3209 tulorum
332 3129 441 3211 latras
457 3142 783 3232 commutationes,
808 3141 871 3239 qui
893 3139 987 3213 inter
1007 3150 1103 3213 artes
1119 3130 1202 3218 suat

152 3231 308 3332 habent,
331 3241 420 3314 novi
433 3238 521 3315 tituli
538 3238 791 3317 effonnatione
809 3260 973 3315 mercem
988 3235 1203 3320 vendibilio·
1234 3304 1237 3309 .

151 3358 234 3413 rem
257 3336 415 3416 reddere.
469 3339 561 3421 Sunt
584 3342 670 3421 milri
690 3346 826 3442 cogniti
847 3338 943 3439 libri,
972 3346 1034 3441 qui
1052 3334 1201 3423 simulac

150 3439 257 3540 prelo
269 3439 404 3521 liberati
418 3439 582 3541 filerunt,
605 3451 783 3524 interires
796 3459 1002 3546 quamorve
1015 3440 1200 3526 sumtuum

147 3541 272 3623 socios
293 3542 523 3646 bibliopolas,
549 3541 668 3646 divisi,
691 3570 851 3649 quorum
866 3545 1032 3649 quilibet,
1058 3572 1200 3631 nomen
1231 3590 1234 3595 ·

136 3642 888 3831 a
910 3649 1079 3831 enr
1230 3695 1241 3763 =

146 3822 244 3927 dam
264 3774 427 3952 smgubrm
450 3862 583 3935 carceri
610 3856 722 3935 veluti
735 3778 985 3938 gerregcbsii’odqrble
1007 3778 1198 3934 mquo·
1231 3870 1233 3875 ·

147 3948 271 4052 ioue,
292 3951 371 4059 poll
384 3959 520 4040 multos
534 3958 680 4043 mador
694 3983 949 4069 annosnovae
961 3958 1114 4040 dataein
1127 3966 1196 4039 cri·

1038 4068 1193 4169 priona,
1220 4170 1223 4181 Ι
