2482 4650
35 381 59 425 ,x
114 345 351 407 uaesrurn
383 318 481 433 (qui,
505 332 583 432 pto
605 314 786 434 singulari
807 313 873 406 sua
890 314 1162 421 humanitate.
1183 306 1203 431 ..l

113 484 259 553 onmes
292 462 372 552 fere
405 464 522 552 huius
554 465 674 577 partis
705 464 878 578 plagulas
885 523 899 591 3
937 490 1155 579 antequam

113 610 250 725 praelo
276 611 648 716 committebantur,
673 609 882 724 diligenter·
899 606 1158 724 perlustrans
1188 626 1203 717 -ῑ,

23 830 27 841 .
117 758 243 863 auxit,
274 757 538 868 emendavit),
564 784 828 854 wirntoni,
856 722 1203 869 mesanum}

51 974 79 1003 ,.
120 930 505 1013 seuwauzrunr,
530 928 894 1005 uoluntarium,
916 896 1159 994 Altorfinos»

60 1066 93 1151 J·
118 1068 238 1158 atque
259 1040 440 1133 sauna
454 1077 523 1132 ou
537 1077 585 1146 M,
601 1046 872 1134 Bibliothecae
885 1044 1200 1157 Goettingeng„

34 1198 62 1287 ζ’
103 1186 168 1283 ,fis
193 1188 494 1279 instrubliffimae
523 1191 731 1280 custodem
760 1189 1162 1303 intelligentilhmum.

22 1378 29 1403 ι
54 1442 59 1453 ¹
121 1364 424 1445 unnensrus
453 1365 637 1452 quoque,
673 1336 826 1450 collega
848 1336 966 1424 nobis
988 1337 1162 1425 coniun·
1187 1380 1190 1389 ·

122 1480 325 1599 &illimus
345 1482 589 1570 liberalitere
610 1483 872 1576 bibliotheca,
898 1508 1020 1594 quam
1041 1478 1163 1595 polsn-
1186 1486 1203 1559 l

23 1605 29 1629 ’
123 1624 206 1721 det,
225 1623 410 1740 exquisita
429 1629 543 1741 plura
561 1620 680 1715 nobis
696 1608 875 1742 sugge'ffit
889 1628 940 1713 ad
954 1624 1038 1714 hoc
1055 1654 1198 1739 opus

84 1818 88 1825 ·
124 1767 411 1865 elaborandum
453 1769 629 1861 subfidia.
733 1803 808 1861 uos
841 1771 1165 1887 praeclariffimos

47 2008 49 2013 ,
123 1915 231 2001 viros
254 1918 467 2031 condignis
489 1914 672 2032 prosequi
692 1919 914 2031 praeconiis
935 1917 1166 2031 gratiarum-

63 2147 73 2155 .
125 2087 205 2174 que
224 2064 466 2157 allionibum
496 2090 541 2151 ut
564 2064 675 2151 iubet
694 2062 1168 2183 vehementerquecupit

21 2304 28 2329 Ι
122 2203 254 2292 nostra
274 2208 419 2319 pietas,
454 2210 516 2298 ita
529 2206 660 2297 severe
688 2208 877 2323 prohibet
897 2203 1074 2304 inulitata
1095 2237 1168 2294 eo·
1199 2314 1203 2331 Ι

123 2378 233 2452 rum,
256 2377 297 2439 et
310 2352 434 2441 laudis
447 2338 631 2469 publicae
653 2351 811 2468 proeliis
826 2353 1049 2466 impatiens,
1072 2381 1172 2457 mo·‚

49 2554 73 2565 ··
123 2495 254 2580 dellia.

117 2620 119 2631 ¹
202 2639 298 2725 Hos
328 2639 464 2751 igitur,
497 2641 674 2755 aliosque
699 2639 902 2730 Musarum
929 2621 1167 2743 sacerdotes.

124 2809 232 2871 extra
248 2783 509 2872 Germaniam
523 2785 1031 2899 nostram-etiamviventes,
1046 2815 1167 2901 roga-

122 2958 214 3015 mus
228 2954 346 3043 atquc
366 2928 627 3032 obtestamur,
651 2956 697 3019 ut
717 2962 804 3020 non
819 2929 965 3032 solum,
998 2960 1100 3045 quac
1122 2934 1167 3021 in

121 3074 199 3161 hac
214 3076 341 3188 prima
355 3078 488 3188 operis
509 3101 640 3191 parte,
668 3107 810 3167 manca
830 3077 1043 3166 autminus
1058 3077 1168 3167 reue

121 3218 264 3333 scripta
285 3220 463 3323 videant,
486 3218 657 3309 benevole
678 3223 797 3310 nobis
820 3222 1018 3316 indicent,
1047 3224 1096 3309 'ut
1117 3252 1167 3312 ea
1192 3304 1201 3327 ,

39 3346 51 3359 ’
120 3360 165 3451 in
179 3363 399 3478 posterum,
423 3350 710 3456 Anal'euorum
728 3364 877 3469 forma,
902 3368 954 3455 ad
968 3366 1167 3455 maiorem

120 3509 386 3597 bibliothecae
413 3511 699 3623 perfectionem
727 3510 893 3626 publico
914 3507 996 3601 usui
1019 3508 1167 3602 offerre

121 3650 333 3768 poffimus3
346 3651 411 3740 sed
426 3658 544 3741 etiam
559 3632 717 3745 consilia
731 3654 972 3770 subfidiaque
994 3657 1045 3745 ad
1061 3653 1172 3745 futu·¹

23 3782 29 3797 ’
124 3827 209 3886 ram
237 3800 686 3893 eiuscontinuationem
705 3800 926 3892 humliter
947 3803 1166 3891 nobiscum

122 3943 437 4037 communicent.

38 146 187 214 'vm

1015 4091 1169 4195 Caete-¹
