2482 4650
14 152 247 239 ⁸ann

45 1042 48 1047 ’
180 1068 252 1123 nae
269 1043 510 1141 Bibliothecae
524 1046 613 1123 luris
627 1042 785 1141 Setetta,
809 1040 1074 1144 Philosophica„
1099 1040 1234 1153 fluo,-

20 1496 24 1509 ·
153 1457 157 1465 ’
180 1461 247 1561 qui
259 1450 372 1533 finem
394 1452 568 1532 saetarum
588 1454 632 1531 ad
651 1453 801 1531 dudium
819 1456 926 1531 huius
948 1453 1025 1531 libri
1044 1446 1239 1539 recitatio-s

178 340 217 403 et
231 344 441 426 comparare
456 345 588 404 eorum
607 324 647 399 in
661 306 907 425 Bibliotirecis,
938 320 1093 423 tabernis
1113 321 1228 403 libro·

179 435 257 523 riis,
281 446 389 528 atque
410 428 600 528 colloquiis
623 425 866 528 eruditorum,
897 434 1062 507 notitiam
1084 445 1121 505 et
1138 425 1216 507 soli·

180 536 250 655 cite
272 526 482 707 inquiigare
501 528 621 653 sontes
640 526 825 651 limpidos,
848 528 945 606 unde
970 528 1113 653 solidior.
1136 552 1219 647 ent.-⁸

178 632 1107 815 stratilatis,ilrissttsstlthhitisslitss
1117 630 1215 839 ἓέἑῗ

179 844 239 940 gie
252 835 440 937 instrudla‚
466 836 510 914 de
522 844 646 916 notitia
658 837 831 915 librorum
845 837 1029 916 bonorum
1045 840 1217 939 quaedam

180 940 313 1019 didiare
328 939 481 1037 solebat,
503 941 691 1041 exquibus
706 960 806 1018 ortae
821 939 947 1018 deinde
967 938 1048 1019 sunt
1062 941 1225 1021 Struvia·.

179 1154 264 1227 rica
316 1145 443 1246 Quam
468 1144 697 1248 poliremam,
720 1170 806 1223 cum
841 1150 906 1223 viri
936 1147 1061 1222 eruditi
1081 1162 1239 1253 erroret,

181 1247 360 1355 quosdam
375 1267 562 1345 notarent,
583 1244 818 1351 profitebatur
832 1247 868 1324 se
882 1247 1021 1325 summa
1032 1247 1217 1339 sellinatio·
1231 1282 1239 1355 j

179 1378 236 1449 ne¹
249 1349 455 1446 delineasse,
486 1353 529 1429 ab
559 1350 777 1430 auditoribus
796 1349 867 1429 suis
886 1348 961 1427 sere
984 1349 1220 1452 compulsum,

182 1584 275 1639 num
288 1555 473 1657 urgebant.
525 1556 672 1636 Addidit
684 1556 850 1657 quidem,
870 1552 1081 1637 Proseshoni
1101 1556 1239 1647 Hillo·

181 1670 278 1740 ricae
293 1685 382 1739 mox
398 1658 585 1756 admotus,
610 1657 784 1736 secundae
799 1677 836 1740 et
855 1685 950 1761 quae
964 1669 1111 1740 tertium
1127 1662 1220 1741 vide·
1237 1664 1239 1669 ’

182 1766 246 1844 bat
260 1765 400 1859 lucem,
423 1762 570 1841 editioni
590 1762 698 1841 huius
715 1761 975 1865 Bibliothecae,
997 1789 1086 1841 nam
1103 1762 1239 1843 exernl‘5

182 1869 242 1971 pia
261 1864 363 1945 auide
378 1862 676 1960 distrahebantur,
703 1860 923 1945 acceshones
939 1866 1133 1969 quasdamr
1155 1866 1239 1971 serg}

15 2048 20 2057 ,
184 1968 303 2048 arduis
317 1974 431 2068 magis
443 1970 630 2071 implicitus
649 1969 850 2063 laboribus,
870 1970 940 2047 hos
960 1971 1134 2049 literatior
1154 1968 1239 2071 seres

185 2072 334 2171 abiecit,
364 2072 511 2172 aliisque
538 2072 752 2173 supplendos
780 2066 945 2176 permisrt.
997 2074 1145 2150 lnterim
1168 2070 1239 2171 uqi

55 2172 63 2207 l
184 2174 364 2277 bliopola,
387 2180 449 2275 qui
463 2173 623 2277 sumptus
643 2171 796 2271 fecerat,
823 2199 937 2277 quum
954 2178 1119 2277 exempla
1139 2168 1239 2255 deli-1

129 2306 138 2319 ·
184 2277 397 2359 dotarentur
416 2277 545 2380 semei,
569 2285 790 2377 iterumque,
814 2278 872 2353 sed
893 2272 1075 2380 praefixo,
1099 2278 1224 2365 audio·

19 2460 24 2465 .
65 2396 67 2401 ’
183 2387 289 2467 reita
303 2382 471 2477 volente,
496 2406 596 2460 anno
609 2379 798 2458 MDCCV
814 2380 970 2456 libellum
983 2383 1084 2459 hunc
1101 2380 1239 2481 foturis}

185 2480 441 2565 excudendum
456 2490 607 2577 curavit,
627 2483 738 2561 auctis
752 2480 888 2583 semper
901 2507 964 2585 per
977 2476 1226 2587 negligentiam

186 2613 340 2682 eorum,
365 2592 428 2687 qui
446 2592 571 2664 curam
592 2583 754 2663 editionis
774 2583 1012 2686 susceperant,
1036 2588 1226 2693 erroribus,

23 2688 35 2715 '
188 2690 230 2771 B.
246 2688 386 2770 Sirmio
402 2708 499 2767 certe
516 2713 596 2767 non
611 2688 835 2789 imputandis.
887 2686 1112 2789 Enimvero,
1134 2686 1225 2771 srvi·

187 2819 233 2874 ro
248 2790 435 2872 industriae
451 2790 661 2871 incredibilis
677 2810 712 2869 et
727 2798 789 2893 qui
802 2798 966 2893 egregios
985 2790 1097 2872 libros
1112 2792 1227 2896 probe

131 2950 135 2967 .
187 2915 226 2978 et
250 2912 495 2997 cognoverat,
528 2911 564 2972 et
590 2890 729 2973 summa
751 2919 859 2993 cura,
891 2890 1133 2997 impensisque
1150 2900 1239 2981 norr-

188 2998 449 3095 mediocribus,
480 2993 654 3099 insrgnem
679 2999 783 3101 plane
802 3016 1074 3100 comparaverat
1095 2998 1239 3095 biblio-i

189 3105 354 3198 thecam,
381 3098 606 3180 selestissrmis
626 3108 783 3200 rarisque
808 3100 901 3178 libris
924 3098 1149 3197 instructam,
1171 3126 1239 3195 ar·3

190 3204 262 3303 dua
297 3211 411 3306 magis
445 3213 590 3307 negotIa
627 3222 768 3285 tantum
797 3211 969 3307 temporis
1002 3202 1228 3307 reliquisient,

190 3326 368 3412 quantum
384 3306 589 3387 huiusmodi
608 3308 709 3388 labos
727 3307 810 3386 sane
830 3305 999 3387 molestus
1020 3327 1055 3387 et
1075 3306 1239 3391 insuavis·

190 3408 362 3514 postulat,
399 3411 647 3513 persesiiorem
674 3413 784 3512 longe
806 3409 890 3487 dare
912 3408 1079 3510 potuillet
1096 3411 1230 3519 Biblio-

191 3515 336 3597 thecam
351 3516 633 3614 Historicorum,
668 3512 726 3590 sed
745 3515 873 3593 lubens
894 3514 1023 3593 volens
1040 3517 1114 3593 aliis
1138 3540 1239 3595 euos

191 3618 276 3697 dem
290 3616 456 3721 permisrt.
507 3618 632 3717 Quem
654 3637 848 3719 antequam
869 3616 1079 3721 adgrederer
1093 3614 1236 3701 sacillo*

154 3740 159 3753 '
192 3748 273 3800 rem
285 3724 396 3822 longe
409 3719 596 3824 putabam,
621 3719 740 3820 pollea
756 3748 844 3801 vero
859 3723 913 3798 his
934 3727 1027 3795 curis
1044 3720 1231 3801 immersus

193 3824 430 3929 deprehendi,
454 3849 515 3901 me
528 3821 639 3903 servili
652 3847 783 3925 operae
796 3820 893 3923 quali
914 3830 1160 3924 mancipatum
1177 3820 1229 3902 es

192 3928 240 4011 se.
291 3928 439 4011 Tantus
459 3933 555 4011 enim
576 3926 751 4010 librorum
770 3927 1036 4009 historicorum
1057 3945 1093 4008 et
1110 3932 1230 4111 primo

1147 4054 1228 4113 ulus
