2482 4650
575 72 590 123 ἲ.
700 82 728 119 x.

989 272 995 279 .
1044 226 1089 330 ᾳ
1158 246 1161 251 -
1210 300 1214 319 Ι

141 388 360 479 Caeterum
375 388 505 503 prima
516 386 594 475 hac
614 408 746 501 parte,
774 396 876 503 quae
896 364 948 479 ad
969 388 1089 478 histo·

77 538 130 625 iae
150 536 405 623 litteraturam
434 535 477 621 in
498 522 719 620 universum
741 531 933 646 spectant,
954 532 1091 623 const.

77 682 283 774 navimus,
306 656 485 793 ipecialia
500 681 692 793 adportes
708 677 912 794 sequentes
926 680 1092 769 reserva·
1113 734 1117 749 ·

77 828 142 916 rri
199 828 424 939 Scriptores
437 821 617 912 historiae
630 827 879 951 populorum
896 820 1092 940 antiquioss
1113 914 1122 925 ,

77 1000 145 1059 um
166 958 376 1084 sequednu
397 972 665 1057 recentiorum
684 966 868 1071 intonet,
889 942 931 1059 rh
949 975 1093 1086 quibus
1168 1078 1177 1097 ,
1234 1070 1240 1079 ,

77 1118 235 1205 slocus
256 1118 332 1203 erit
351 1115 594 1230 postremus,
626 1117 693 1231 qui
711 1116 1011 1206 Germanorum
1030 1149 1095 1208 res
1122 1214 1129 1241 ,1
1190 1190 1195 1199 .

77 1286 213 1351 terrant
233 1261 299 1348 vel
312 1259 515 1363 illustrant,
540 1290 584 1349 ut
597 1258 741 1353 scilicet
759 1262 849 1374 plus
866 1292 919 1350 eo
932 1290 1095 1379 tempo·

77 1410 108 1496 is
132 1410 179 1497 in
204 1408 485 1520 locupletanda
520 1430 561 1494 et
589 1406 825 1495 elaboranda
853 1410 1094 1525 hacyo‘peris
1169 1388 1197 1437 ⁸³

77 1582 170 1643 *arte
203 1554 413 1669 lucremur.
468 1552 631 1665 Agmen
672 1554 857 1640 claudent
888 1552 1099 1668 scriptores

77 1698 340 1814 ‚eographicb
379 1697 644 1812 genealogici,
675 1698 941 1812 diplomatici,
973 1699 1098 1787 heral-

77 1845 160 1940 tici,
191 1841 473 1961 umbratici,
500 1843 785 1931 itinerariorum
809 1870 884 1932 etc.
908 1842 1099 1933 universa-

77 2020 115 2079 es
129 1991 334 2089 nimirum,
348 2017 452 2103 quos
466 1990 659 2101 capitibus
674 1988 1015 2102 praecedentibus,
1028 1990 1098 2079 ubi

77 2133 369 2250 iefingulartun
389 2134 567 2246 gentium
583 2133 772 2221 historicis
787 2136 953 2229 dicetur,
964 2164 1100 2225 recen·

77 2282 141 2373 'ere
163 2282 272 2370 haud
298 2280 522 2367 conveniet.
581 2280 797 2367 Leiiorum
819 2280 1102 2369 commoditati

77 2422 159 2520 :tin
174 2425 376 2543 posterum
394 2419 662 2532 consulemus,'
685 2424 859 2512 adhibita
873 2454 959 2511 non
974 2422 1101 2511 solum
1150 2448 1155 2457 ·
1214 2412 1218 2423 ’

77 2606 177 2680 arra,
206 2599 251 2660 ut
266 2571 430 2658 nomina
444 2570 631 2697 locorum
652 2572 850 2682 verbaque
864 2600 951 2657 non
964 2570 1104 2661 Latina
1222 2588 1225 2599 '

77 2717 254 2811 diversor
269 2719 430 2804 caeteris
445 2716 678 2811 charadiere
693 2744 815 2830 quern
831 2714 1016 2815 carduum
1029 2746 1122 2831 vo-¹

77 2867 178 2959 ant,
207 2861 444 2976 scriptorum
458 2891 558 2949 vero
573 2850 745 2951 nomina⁴
758 2857 975 2946 maiusculis
995 2861 1104 2975 typis

77 3013 355 3127 exprimantur,
383 3033 427 3095 ut
441 3033 672 3122 argumenta
689 3031 729 3095 et
742 3006 950 3095 nudorum
971 3005 1105 3093 nomi-

77 3190 117 3247 na
143 3186 231 3244 non
253 3156 408 3240 tanturn
436 3151 609 3267 fingulos
628 3154 768 3253 libros,
807 3150 997 3238 sectiones
1018 3151 1106 3239 arti-

77 3306 260 3416 urlosque
273 3300 523 3414 praecedant,
536 3299 806 3387 verumetiam
821 3295 872 3385 ad
885 3297 1108 3409 marginem

77 3450 263 3566 legantur,
292 3472 417 3559 utque
432 3445 654 3537 emendate,
681 3466 873 3556 quantum
886 3443 928 3529 in
943 3440 1018 3528 hac
1031 3442 1107 3527 im-

77 3598 204 3685 mensa
238 3593 452 3676 nominum
485 3586 825 3700 numerorumque
859 3582 987 3699 segete
1022 3584 1108 3675 fieri
1214 3562 1218 3575 ¹

77 3736 222 3855 potest,
250 3738 438 3855 typisque
453 3734 674 3821 recentibus
699 3762 774 3820 nec
795 3731 944 3817 detritis
967 3729 1106 3819 descri-

78 3886 185 3973 barm
199 3912 325 3997 opus;
338 3878 406 3967 sed
421 3881 537 3965 etiam
552 3879 747 3967 indicibus
761 3876 1046 3965 accuratiffimis
1061 3909 1109 3967 ac

80 4022 681 4148 locupletdbmisvelvolumini
694 4023 918 4139 unicuique,
931 4023 995 4113 vel
1010 4053 1112 4140 ope-

458 4176 459 4180 '
585 4197 660 4289 εις
1075 4168 1110 4260 ri
