2482 4650
25 404 27 409 ·
65 348 67 353 ’
115 394 121 403 »
149 356 193 442 in
214 334 446 441 huiusmodi
470 346 688 467 scriptione
707 374 874 475 partem,
892 334 1027 464 aetatis
1044 334 1205 443 huna·

10 524 18 618 Ι·
152 504 228 587 na'e'
250 500 682 612 magnam'conterere‚
709 523 827 612 atquo
848 503 951 586 adeo
966 502 1007 588 in
1022 508 1187 625 coa'cero

151 644 304 732 randisv
318 644 364 731 iis
385 643 593 741 omnibus,
625 670 726 756 quae
756 639 1002 764 scriptorum,
1018 632 1195 756 arguunt¹

153 790 317 881 virtutes
344 790 408 875 vel
433 814 612 901 peccata,
651 812 692 874 et
720 786 885 874 intristi
913 789 1191 901 catalogorum

41 936 45 945 '
155 933 501 1022 conficiendorum
525 932 654 1020 studio
669 910 780 1047 ⁸quasi
796 929 1081 1027 consenescere.
1108 931 1193 1018 Sed

9 1068 33 1090 ”
60 1110 62 1113 ·
155 1079 199 1164 hi
215 1104 340 1191 erunt,
356 1078 497 1191 quibus
512 1077 617 1164 haud
630 1074 713 1165 saris
733 1075 890 1163 historia
904 1077 1083 1201 litteraria
1098 1103 1193 1189 per·
1205 1097 1213 1200 ἰ

24 1259 37 1274 ·
158 1212 306 1336 'speda‚
338 1224 499 1335 eiusque
530 1222 671 1320 utilitas
704 1222 903 1335 explorata
929 1219 1001 1316 esl;
1038 1222 1109 1334 qui
1134 1221 1199 1325 in,
1227 1306 1239 1333 Ι.

159 1393 318 1481 gentes,
343 1367 485 1481 quibus
507 1369 717 1479 premitur,
744 1343 989 1452 difficultates
1015 1356 1101 1452 non
1132 1367 1196 1454 in·

47 1560 51 1575 ·
138 1513 361 1622 telligunt,
391 1513 460 1626 qu'i
483 1513 535 1599 ad
559 1511 686 1599 vallos
715 1510 957 1623 cognitionis
984 1507 1087 1597 istius
1111 1539 1198 1599 am·

155 1657 265 1775 bitus
288 1685 493 1771 nunquam
520 1658 771 1743 adverterunt
799 1656 998 1752 animum,
1034 1657 1102 1767 qui
1129 1656 1201 1744 de·

160 1784 284 1913 nique
313 1799 414 1888 istud
443 1831 566 1915 genus
597 1798 834 1913 scriptionis,
869 1828 955 1884 non
988 1797 1201 1911 sapientiae

162 1946 317 2058 regula,
356 1942 420 2033 sed
449 1944 520 2032 suo
544 1945 705 2056 ingenio
733 1921 967 2044 metiuntur,
1001 1943 1099 2030 nihil
1128 1945 1201 2063 haf

131 2082 135 2089 ⁴
163 2089 304 2178 bentes
331 2088 452 2203 pensi,
482 2091 642 2204 quidex
658 2087 877 2203 properatis
902 2087 1205 2213 laboribussuis

164 2263 280 2347 verae
295 2236 466 2322 utilitatis
481 2260 675 2349 emergat3
692 2234 822 2319 modo
848 2228 916 2316 fibi
936 2232 1206 2351 quaestuspa:

51 2382 54 2391 '
88 2468 93 2475 ,
162 2360 270 2466 τέων
285 2405 325 2467 et
339 2381 516 2492 gloriola.
572 2379 759 2467 Vidimus
775 2376 872 2462 olim
887 2392 916 2461 a'
923 2376 1111 2487 pluribus,
1130 2385 1203 2497 qui

89 2614 91 2621 ,
150 2520 406 2637 disciplinam
428 2522 633 2637 sapientiae
654 2518 811 2636 professi
832 2519 937 2625 sunt,
970 2522 1210 2643 disputatio*

159 2697 237 2785 nes
258 2666 516 2781 conscriptas,
545 2665 784 2782 decoquor!
805 2667 1029 2781 nimiumest
1055 2674 1096 2758 in
1114 2673 1203 2765 hoc

40 2798 44 2806 ’
124 2814 129 2821 ’
163 2815 229 2900 v'el
252 2812 319 2899 illo
341 2811 488 2908 studim
518 2841 692 2927 quorum
711 2838 757 2900 ut
777 2812 946 2903 instituta
968 2842 1008 2903 et
1025 2818 1204 2909 rationes

31 2954 62 3039 ,τ’
163 2958 395 3073 neutiquam
438 2958 765 3073 reprehendimus
807 3008 863 3026 —
913 2961 1052 3073 multa«
1085 2947 1222 3056 enim'

73 3102 78 3115 ’
164 3105 389 3191 commode
411 3105 522 3192 abiis
537 3102 630 3191 disci
645 3103 768 3217 polle,
797 3107 884 3220 quis
901 3109 1102 3220 negaverit
1111 3102 1203 3196 Ξ·-

102 3342 108 3359 *
153 3249 216 3336 ita
252 3245 281 3335 si
309 3249 376 3360 qui
397 3249 493 3335 illud
524 3247 683 3336 nimium
707 3251 888 3365 cogitent
908 3253 958 3339 ad
981 3252 1203 3346 litteramm

29 3448 45 3483 .-
133 3382 438 3482 'historicamm
457 3393 626 3482 studium
648 3393 854 3506 applicare,
882 3422 1028 3509 nempe
1041 3423 1087 3485 ut
1100 3399 1203 3493 huic

58 3580 60 3585 ’
97 3530 107 3545 “
159 3537 259 3626 fines
287 3538 502 3625 mediocris
530 3538 735 3627 industriae
762 3536 1085 3652 praescribantur,
1127 3543 1202 3637 ha.

160 3683 283 3770 beant
311 3678 382 3769 fibi
415 3683 633 3794 elegantem
654 3682 957 3797 ‚philomphiam
988 3660 1116 3795 suam,
1156 3716 1202 3784 et

161 3825 360 3938 ignaviae,
394 3854 514 3940 quam
537 3829 865 3945 commendatum
889 3856 1002 3949 eunt,
1034 3833 1201 3927 landem

22 3948 25 3957 ¹
75 4020 85 4034 -·
157 3988 385 4085 reportent,
413 3999 534 4095 quam
547 3996 758 4063 merentur.

424 4358 474 4419 f.
