<?xml version="1.0" encoding="UTF-8"?>
<!DOCTYPE html PUBLIC "-//W3C//DTD XHTML 1.0 Transitional//EN"
    "http://www.w3.org/TR/xhtml1/DTD/xhtml1-transitional.dtd">
<html xmlns="http://www.w3.org/1999/xhtml" xml:lang="en" lang="en">
 <head>
  <title>
</title>
<meta http-equiv="Content-Type" content="text/html;charset=utf-8" />
  <meta name='ocr-system' content='tesseract 3.04.00' />
  <meta name='ocr-capabilities' content='ocr_page ocr_carea ocr_par ocr_line ocrx_word'/>
</head>
<body>
  <div class='ocr_page' id='page_1' title='image "bibliothecahist01budegoog_0024.png"; bbox 0 0 2482 4650; ppageno 0'>
   <div class='ocr_carea' id='block_1_1' title="bbox 884 174 1098 285">
    <p class='ocr_par' dir='ltr' id='par_1_1' title="bbox 884 174 1098 285">
     <span class='ocr_line' id='line_1_1' title="bbox 884 174 1098 285; baseline 0 -20"><span class='ocrx_word' id='word_1_1' title='bbox 884 200 920 258; x_wconf 78' lang='lat'>·&#39;</span> <span class='ocrx_word' id='word_1_2' title='bbox 959 174 1098 285; x_wconf 76' lang='lat' dir='ltr'>¹nu&#39;n&#39;</span> 
     </span>
    </p>
   </div>
   <div class='ocr_carea' id='block_1_2' title="bbox 71 371 1192 4188">
    <p class='ocr_par' dir='ltr' id='par_1_2' title="bbox 71 371 1052 476">
     <span class='ocr_line' id='line_1_2' title="bbox 71 371 1052 476; baseline 0 -19"><span class='ocrx_word' id='word_1_3' title='bbox 71 398 114 457; x_wconf 77' lang='grc' dir='ltr'>ιιι</span> <span class='ocrx_word' id='word_1_4' title='bbox 133 371 377 459; x_wconf 83' lang='lat' dir='ltr'>Bibliothecae</span> <span class='ocrx_word' id='word_1_5' title='bbox 399 374 594 476; x_wconf 78' lang='lat' dir='ltr'>colleslore</span> <span class='ocrx_word' id='word_1_6' title='bbox 617 376 705 465; x_wconf 84' lang='lat' dir='ltr'>haut</span> <span class='ocrx_word' id='word_1_7' title='bbox 727 376 981 475; x_wconf 73' lang='lat' dir='ltr'>traslatorutn,</span> <span class='ocrx_word' id='word_1_8' title='bbox 1000 396 1052 475; x_wconf 63' lang='lat' dir='ltr'>,et</span> 
     </span>
    </p>

    <p class='ocr_par' dir='ltr' id='par_1_3' title="bbox 71 476 1123 789">
     <span class='ocr_line' id='line_1_3' title="bbox 71 476 1051 584; baseline 0 -25"><span class='ocrx_word' id='word_1_9' title='bbox 71 476 84 559; x_wconf 89' lang='lat' dir='ltr'>l</span> <span class='ocrx_word' id='word_1_10' title='bbox 93 486 258 581; x_wconf 83' lang='lat' dir='ltr'>priorum</span> <span class='ocrx_word' id='word_1_11' title='bbox 272 498 416 584; x_wconf 87' lang='lat' dir='ltr'>tempus</span> <span class='ocrx_word' id='word_1_12' title='bbox 433 480 631 567; x_wconf 81' lang='lat' dir='ltr'>editionum</span> <span class='ocrx_word' id='word_1_13' title='bbox 650 509 716 584; x_wconf 86' lang='lat' dir='ltr'>per</span> <span class='ocrx_word' id='word_1_14' title='bbox 734 507 865 560; x_wconf 80' lang='lat' dir='ltr'>ornnes</span> <span class='ocrx_word' id='word_1_15' title='bbox 883 482 1051 584; x_wconf 82' lang='lat' dir='ltr'>Europae</span> 
     </span>
     <span class='ocr_line' id='line_1_4' title="bbox 71 580 1123 687; baseline -0.001 -26"><span class='ocrx_word' id='word_1_16' title='bbox 71 580 332 679; x_wconf 77' lang='lat' dir='ltr'>teseditorum,</span> <span class='ocrx_word' id='word_1_17' title='bbox 357 584 392 660; x_wconf 90' lang='lat' dir='ltr'>se</span> <span class='ocrx_word' id='word_1_18' title='bbox 406 582 536 661; x_wconf 88' lang='lat' dir='ltr'>obtulit</span> <span class='ocrx_word' id='word_1_19' title='bbox 547 602 753 687; x_wconf 86' lang='lat' dir='ltr'>apparatus,</span> <span class='ocrx_word' id='word_1_20' title='bbox 778 606 825 671; x_wconf 82' lang='lat' dir='ltr'>ut¹</span> <span class='ocrx_word' id='word_1_21' title='bbox 837 588 972 686; x_wconf 82' lang='lat' dir='ltr'>saepius</span> <span class='ocrx_word' id='word_1_22' title='bbox 992 594 1049 661; x_wconf 90' lang='lat' dir='ltr'>in·</span> <span class='ocrx_word' id='word_1_23' title='bbox 1075 600 1078 605; x_wconf 86' lang='grc'><strong>’</strong></span> <span class='ocrx_word' id='word_1_24' title='bbox 1116 595 1123 611; x_wconf 82' lang='grc'><strong>“</strong></span> 
     </span>
     <span class='ocr_line' id='line_1_5' title="bbox 71 684 1047 789; baseline -0.002 -26"><span class='ocrx_word' id='word_1_25' title='bbox 71 689 196 780; x_wconf 67' lang='lat' dir='ltr'>ierim</span> <span class='ocrx_word' id='word_1_26' title='bbox 219 710 370 765; x_wconf 91' lang='lat' dir='ltr'>menon</span> <span class='ocrx_word' id='word_1_27' title='bbox 384 684 432 763; x_wconf 89' lang='lat' dir='ltr'>de</span> <span class='ocrx_word' id='word_1_28' title='bbox 444 691 586 789; x_wconf 81' lang='lat' dir='ltr'>integro</span> <span class='ocrx_word' id='word_1_29' title='bbox 601 686 757 765; x_wconf 88' lang='lat' dir='ltr'>eundem</span> <span class='ocrx_word' id='word_1_30' title='bbox 775 686 920 781; x_wconf 90' lang='lat' dir='ltr'>orsum,</span> <span class='ocrx_word' id='word_1_31' title='bbox 945 684 1013 763; x_wconf 85' lang='lat' dir='ltr'>ets</span> <span class='ocrx_word' id='word_1_32' title='bbox 1030 725 1047 743; x_wconf 95' lang='lat'><strong>·</strong></span> 
     </span>
    </p>

    <p class='ocr_par' dir='ltr' id='par_1_4' title="bbox 71 793 1047 899">
     <span class='ocr_line' id='line_1_6' title="bbox 71 793 1047 899; baseline 0.002 -34"><span class='ocrx_word' id='word_1_33' title='bbox 71 810 117 865; x_wconf 83' lang='lat' dir='ltr'>ex</span> <span class='ocrx_word' id='word_1_34' title='bbox 131 793 256 865; x_wconf 87' lang='lat' dir='ltr'>animo</span> <span class='ocrx_word' id='word_1_35' title='bbox 268 794 489 889; x_wconf 86' lang='lat' dir='ltr'>ingenioque</span> <span class='ocrx_word' id='word_1_36' title='bbox 510 808 598 868; x_wconf 89' lang='lat' dir='ltr'>meo</span> <span class='ocrx_word' id='word_1_37' title='bbox 615 797 723 868; x_wconf 85' lang='lat' dir='ltr'>totius</span> <span class='ocrx_word' id='word_1_38' title='bbox 745 796 866 890; x_wconf 83' lang='lat' dir='ltr'>operis</span> <span class='ocrx_word' id='word_1_39' title='bbox 880 814 1047 899; x_wconf 75' lang='lat' dir='ltr'>oecono-</span> 
     </span>
    </p>

    <p class='ocr_par' dir='ltr' id='par_1_5' title="bbox 71 890 1049 1099">
     <span class='ocr_line' id='line_1_7' title="bbox 90 890 1049 992; baseline 0.002 -25"><span class='ocrx_word' id='word_1_40' title='bbox 90 914 136 967; x_wconf 80' lang='grc' dir='ltr'>ιο</span> <span class='ocrx_word' id='word_1_41' title='bbox 161 897 374 992; x_wconf 77' lang='lat' dir='ltr'><strong>partitione,</strong></span> <span class='ocrx_word' id='word_1_42' title='bbox 412 890 670 971; x_wconf 83' lang='lat' dir='ltr'>Bibliothecat&#39;n</span> <span class='ocrx_word' id='word_1_43' title='bbox 691 893 848 991; x_wconf 84' lang='lat' dir='ltr'>aliquam</span> <span class='ocrx_word' id='word_1_44' title='bbox 872 892 1049 969; x_wconf 75' lang='lat' dir='ltr'>Seleiiam</span> 
     </span>
     <span class='ocr_line' id='line_1_8' title="bbox 71 991 1047 1099; baseline 0 -28"><span class='ocrx_word' id='word_1_45' title='bbox 71 999 215 1072; x_wconf 88' lang='lat' dir='ltr'>:oticam</span> <span class='ocrx_word' id='word_1_46' title='bbox 229 991 433 1073; x_wconf 76' lang='lat' dir='ltr'>condidisse.</span> <span class='ocrx_word' id='word_1_47' title='bbox 487 994 556 1079; x_wconf 85' lang='lat' dir='ltr'>Sed</span> <span class='ocrx_word' id='word_1_48' title='bbox 571 1003 654 1099; x_wconf 91' lang='lat' dir='ltr'>quia</span> <span class='ocrx_word' id='word_1_49' title='bbox 672 1013 707 1073; x_wconf 92' lang='lat' dir='ltr'>et</span> <span class='ocrx_word' id='word_1_50' title='bbox 723 1018 838 1096; x_wconf 92' lang='lat' dir='ltr'>ame,</span> <span class='ocrx_word' id='word_1_51' title='bbox 864 1013 900 1073; x_wconf 90' lang='lat' dir='ltr'>et</span> <span class='ocrx_word' id='word_1_52' title='bbox 917 993 1047 1071; x_wconf 87' lang='lat' dir='ltr'>biblio·</span> 
     </span>
    </p>

    <p class='ocr_par' dir='ltr' id='par_1_6' title="bbox 71 1092 1168 1613">
     <span class='ocr_line' id='line_1_9' title="bbox 71 1092 1046 1199; baseline 0.005 -28"><span class='ocrx_word' id='word_1_53' title='bbox 71 1122 91 1191; x_wconf 91' lang='lat' dir='ltr'>t,</span> <span class='ocrx_word' id='word_1_54' title='bbox 112 1104 186 1172; x_wconf 90' lang='lat' dir='ltr'>iam</span> <span class='ocrx_word' id='word_1_55' title='bbox 200 1095 335 1175; x_wconf 75' lang='lat' dir='ltr'>elediae</span> <span class='ocrx_word' id='word_1_56' title='bbox 355 1115 458 1177; x_wconf 88' lang='lat' dir='ltr'>erant</span> <span class='ocrx_word' id='word_1_57' title='bbox 474 1104 610 1198; x_wconf 85' lang='lat' dir='ltr'>primae</span> <span class='ocrx_word' id='word_1_58' title='bbox 629 1101 763 1193; x_wconf 91' lang='lat' dir='ltr'>lineae,</span> <span class='ocrx_word' id='word_1_59' title='bbox 788 1122 879 1199; x_wconf 81' lang='lat' dir='ltr'>quas</span> <span class='ocrx_word' id='word_1_60' title='bbox 894 1092 1046 1176; x_wconf 86' lang='lat' dir='ltr'>duxisset</span> 
     </span>
     <span class='ocr_line' id='line_1_10' title="bbox 71 1198 1045 1303; baseline -0.003 -26"><span class='ocrx_word' id='word_1_61' title='bbox 71 1221 328 1301; x_wconf 75' lang='lat' dir='ltr'>satuvxus,</span> <span class='ocrx_word' id='word_1_62' title='bbox 359 1202 397 1279; x_wconf 72' lang='lat' dir='ltr'>a</span> <span class='ocrx_word' id='word_1_63' title='bbox 443 1201 581 1301; x_wconf 85' lang='lat' dir='ltr'>sagulae</span> <span class='ocrx_word' id='word_1_64' title='bbox 611 1202 745 1280; x_wconf 89' lang='lat' dir='ltr'>multae</span> <span class='ocrx_word' id='word_1_65' title='bbox 766 1210 860 1303; x_wconf 86' lang='lat' dir='ltr'>typis</span> <span class='ocrx_word' id='word_1_66' title='bbox 881 1198 1045 1299; x_wconf 81' lang='lat' dir='ltr'>excusae,</span> 
     </span>
     <span class='ocr_line' id='line_1_11' title="bbox 71 1301 1130 1405; baseline -0.002 -26"><span class='ocrx_word' id='word_1_67' title='bbox 71 1320 175 1380; x_wconf 83' lang='lat' dir='ltr'>terat</span> <span class='ocrx_word' id='word_1_68' title='bbox 198 1301 287 1379; x_wconf 89' lang='lat' dir='ltr'>liber</span> <span class='ocrx_word' id='word_1_69' title='bbox 308 1326 390 1405; x_wconf 84' lang='lat' dir='ltr'>regr</span> <span class='ocrx_word' id='word_1_70' title='bbox 439 1329 491 1384; x_wconf 84' lang='lat' dir='ltr'>us.</span> <span class='ocrx_word' id='word_1_71' title='bbox 546 1304 640 1381; x_wconf 90' lang='lat' dir='ltr'>Tela</span> <span class='ocrx_word' id='word_1_72' title='bbox 662 1310 788 1405; x_wconf 84' lang='lat' dir='ltr'>igitur,</span> <span class='ocrx_word' id='word_1_73' title='bbox 822 1328 915 1405; x_wconf 87' lang='lat' dir='ltr'>quae</span> <span class='ocrx_word' id='word_1_74' title='bbox 934 1301 1045 1377; x_wconf 86' lang='lat' dir='ltr'>semel</span> <span class='ocrx_word' id='word_1_75' title='bbox 1127 1362 1130 1367; x_wconf 90' lang='lat'>.</span> 
     </span>
     <span class='ocr_line' id='line_1_12' title="bbox 71 1401 1168 1581; baseline -0.003 -100"><span class='ocrx_word' id='word_1_76' title='bbox 71 1422 149 1506; x_wconf 79' lang='lat' dir='ltr'>pta,</span> <span class='ocrx_word' id='word_1_77' title='bbox 177 1422 255 1483; x_wconf 88' lang='lat' dir='ltr'>erat</span> <span class='ocrx_word' id='word_1_78' title='bbox 268 1404 514 1581; x_wconf 73' lang='lat' dir='ltr'>pertexenda,</span> <span class='ocrx_word' id='word_1_79' title='bbox 545 1424 582 1486; x_wconf 89' lang='lat' dir='ltr'>et</span> <span class='ocrx_word' id='word_1_80' title='bbox 607 1408 652 1484; x_wconf 93' lang='lat' dir='ltr'>ad</span> <span class='ocrx_word' id='word_1_81' title='bbox 675 1406 922 1483; x_wconf 86' lang='lat' dir='ltr'>delineationis</span> <span class='ocrx_word' id='word_1_82' title='bbox 943 1401 1044 1479; x_wconf 73' lang='lat' dir='ltr'>siru-</span> <span class='ocrx_word' id='word_1_83' title='bbox 1162 1412 1168 1421; x_wconf 87' lang='lat'>&#39;</span> 
     </span>
     <span class='ocr_line' id='line_1_13' title="bbox 71 1500 1044 1613; baseline -0.002 -30"><span class='ocrx_word' id='word_1_84' title='bbox 71 1530 118 1613; x_wconf 72' lang='grc' dir='ltr'>ιιι</span> <span class='ocrx_word' id='word_1_85' title='bbox 140 1500 246 1585; x_wconf 88' lang='lat' dir='ltr'>silum</span> <span class='ocrx_word' id='word_1_86' title='bbox 293 1516 466 1610; x_wconf 82' lang='lat' dir='ltr'>criptores</span> <span class='ocrx_word' id='word_1_87' title='bbox 485 1510 701 1589; x_wconf 90' lang='lat' dir='ltr'>collocandi.</span> <span class='ocrx_word' id='word_1_88' title='bbox 753 1506 966 1586; x_wconf 75' lang='lat' dir='ltr'>Ledotibus</span> <span class='ocrx_word' id='word_1_89' title='bbox 988 1526 1044 1581; x_wconf 89' lang='lat' dir='ltr'>ta·</span> 
     </span>
    </p>

    <p class='ocr_par' dir='ltr' id='par_1_7' title="bbox 71 1610 1192 2024">
     <span class='ocr_line' id='line_1_14' title="bbox 71 1610 1043 1714; baseline -0.006 -25"><span class='ocrx_word' id='word_1_90' title='bbox 71 1636 83 1689; x_wconf 89' lang='grc' dir='ltr'><strong>ι</strong></span> <span class='ocrx_word' id='word_1_91' title='bbox 103 1610 214 1689; x_wconf 85' lang='lat' dir='ltr'>huius</span> <span class='ocrx_word' id='word_1_92' title='bbox 234 1611 372 1714; x_wconf 88' lang='lat' dir='ltr'>opellae</span> <span class='ocrx_word' id='word_1_93' title='bbox 395 1610 598 1714; x_wconf 83' lang='lat' dir='ltr'>benevolis,</span> <span class='ocrx_word' id='word_1_94' title='bbox 629 1631 755 1693; x_wconf 89' lang='lat' dir='ltr'>curate</span> <span class='ocrx_word' id='word_1_95' title='bbox 772 1610 1043 1713; x_wconf 84' lang='lat' dir='ltr'>pervelliganti·</span> 
     </span>
     <span class='ocr_line' id='line_1_15' title="bbox 77 1711 1125 1817; baseline -0.003 -28"><span class='ocrx_word' id='word_1_96' title='bbox 77 1718 195 1814; x_wconf 83' lang='lat' dir='ltr'>capita</span> <span class='ocrx_word' id='word_1_97' title='bbox 215 1711 408 1817; x_wconf 82' lang='lat' dir='ltr'>classesque</span> <span class='ocrx_word' id='word_1_98' title='bbox 426 1714 677 1795; x_wconf 86' lang='lat' dir='ltr'>hislorieorum</span> <span class='ocrx_word' id='word_1_99' title='bbox 700 1714 920 1813; x_wconf 81' lang='lat' dir='ltr'>nostrorum,</span> <span class='ocrx_word' id='word_1_100' title='bbox 941 1729 1042 1813; x_wconf 87' lang='lat' dir='ltr'>pate·</span> <span class='ocrx_word' id='word_1_101' title='bbox 1122 1732 1125 1737; x_wconf 88' lang='lat'>·</span> 
     </span>
     <span class='ocr_line' id='line_1_16' title="bbox 71 1811 1192 1919; baseline -0.002 -28"><span class='ocrx_word' id='word_1_102' title='bbox 71 1842 97 1891; x_wconf 92' lang='lat' dir='ltr'>n</span> <span class='ocrx_word' id='word_1_103' title='bbox 111 1816 293 1917; x_wconf 72' lang='lat' dir='ltr'>pictisque</span> <span class='ocrx_word' id='word_1_104' title='bbox 307 1824 368 1898; x_wconf 87' lang='lat' dir='ltr'>vix</span> <span class='ocrx_word' id='word_1_105' title='bbox 382 1824 510 1917; x_wconf 84' lang='lat' dir='ltr'>prioris</span> <span class='ocrx_word' id='word_1_106' title='bbox 522 1819 653 1898; x_wconf 89' lang='lat' dir='ltr'>laboris</span> <span class='ocrx_word' id='word_1_107' title='bbox 670 1816 812 1919; x_wconf 78' lang='lat' dir='ltr'>vestigia</span> <span class='ocrx_word' id='word_1_108' title='bbox 827 1811 1041 1895; x_wconf 71' lang='lat' dir='ltr'>remansisse.</span> <span class='ocrx_word' id='word_1_109' title='bbox 1178 1854 1192 1873; x_wconf 39' lang='grc' dir='ltr'>κ</span> 
     </span>
     <span class='ocr_line' id='line_1_17' title="bbox 71 1912 1042 2024; baseline -0.004 -29"><span class='ocrx_word' id='word_1_110' title='bbox 71 1942 163 1995; x_wconf 84' lang='lat' dir='ltr'>enue</span> <span class='ocrx_word' id='word_1_111' title='bbox 180 1912 355 2019; x_wconf 81' lang='lat' dir='ltr'>profiteor</span> <span class='ocrx_word' id='word_1_112' title='bbox 376 1918 540 1998; x_wconf 90' lang='lat' dir='ltr'>laborem</span> <span class='ocrx_word' id='word_1_113' title='bbox 560 1926 665 2024; x_wconf 90' lang='lat' dir='ltr'>plane</span> <span class='ocrx_word' id='word_1_114' title='bbox 685 1946 828 2001; x_wconf 86' lang='lat' dir='ltr'>novum</span> <span class='ocrx_word' id='word_1_115' title='bbox 847 1918 934 1996; x_wconf 84' lang='lat' dir='ltr'>mihi</span> <span class='ocrx_word' id='word_1_116' title='bbox 955 1912 1042 1993; x_wconf 89' lang='lat' dir='ltr'>saci·</span> 
     </span>
    </p>

    <p class='ocr_par' dir='ltr' id='par_1_8' title="bbox 71 2014 1176 2432">
     <span class='ocr_line' id='line_1_18' title="bbox 71 2014 1176 2131; baseline -0.005 -34"><span class='ocrx_word' id='word_1_117' title='bbox 71 2044 124 2131; x_wconf 81' lang='lat'>?¹¹¹</span> <span class='ocrx_word' id='word_1_118' title='bbox 140 2014 260 2122; x_wconf 72' lang='lat' dir='ltr'>ulie,</span> <span class='ocrx_word' id='word_1_119' title='bbox 283 2044 393 2122; x_wconf 87' lang='lat' dir='ltr'>quam</span> <span class='ocrx_word' id='word_1_120' title='bbox 406 2020 735 2125; x_wconf 82' lang='lat' dir='ltr'>supplementorum</span> <span class='ocrx_word' id='word_1_121' title='bbox 752 2024 853 2099; x_wconf 86' lang='lat' dir='ltr'>illum</span> <span class='ocrx_word' id='word_1_122' title='bbox 868 2016 951 2099; x_wconf 90' lang='lat' dir='ltr'>sane</span> <span class='ocrx_word' id='word_1_123' title='bbox 969 2043 1043 2095; x_wconf 81' lang='lat' dir='ltr'>rae·</span> <span class='ocrx_word' id='word_1_124' title='bbox 1169 2068 1176 2103; x_wconf 79' lang='lat'>,</span> 
     </span>
     <span class='ocr_line' id='line_1_19' title="bbox 71 2118 1163 2223; baseline -0.005 -20"><span class='ocrx_word' id='word_1_125' title='bbox 71 2118 242 2203; x_wconf 86' lang='lat' dir='ltr'>tssunum</span> <span class='ocrx_word' id='word_1_126' title='bbox 294 2123 457 2203; x_wconf 88' lang='lat' dir='ltr'>Studium</span> <span class='ocrx_word' id='word_1_127' title='bbox 468 2145 590 2205; x_wconf 90' lang='lat' dir='ltr'>autem</span> <span class='ocrx_word' id='word_1_128' title='bbox 606 2153 720 2207; x_wconf 91' lang='lat' dir='ltr'>omne</span> <span class='ocrx_word' id='word_1_129' title='bbox 737 2124 897 2220; x_wconf 89' lang='lat' dir='ltr'>adhibui,</span> <span class='ocrx_word' id='word_1_130' title='bbox 925 2146 1042 2223; x_wconf 89' lang='lat' dir='ltr'>quan·</span> <span class='ocrx_word' id='word_1_131' title='bbox 1159 2166 1163 2187; x_wconf 85' lang='lat'>·</span> 
     </span>
     <span class='ocr_line' id='line_1_20' title="bbox 71 2224 1141 2309; baseline 0.001 -9"><span class='ocrx_word' id='word_1_132' title='bbox 71 2264 75 2300; x_wconf 69' lang='grc' dir='ltr'><strong>ι</strong></span> <span class='ocrx_word' id='word_1_133' title='bbox 100 2230 140 2303; x_wconf 83' lang='grc' dir='ltr'>ἰιι</span> <span class='ocrx_word' id='word_1_134' title='bbox 163 2224 236 2305; x_wconf 85' lang='lat' dir='ltr'>stac</span> <span class='ocrx_word' id='word_1_135' title='bbox 260 2225 500 2306; x_wconf 87' lang='lat' dir='ltr'>humanarum</span> <span class='ocrx_word' id='word_1_136' title='bbox 529 2230 714 2309; x_wconf 78' lang='lat' dir='ltr'>asiionum</span> <span class='ocrx_word' id='word_1_137' title='bbox 739 2229 976 2305; x_wconf 86' lang='lat' dir='ltr'>imbecillitate</span> <span class='ocrx_word' id='word_1_138' title='bbox 1004 2241 1041 2301; x_wconf 87' lang='lat' dir='ltr'>et</span> <span class='ocrx_word' id='word_1_139' title='bbox 1134 2260 1141 2283; x_wconf 79' lang='lat'>=</span> 
     </span>
     <span class='ocr_line' id='line_1_21' title="bbox 71 2318 1040 2432; baseline -0.003 -29"><span class='ocrx_word' id='word_1_140' title='bbox 71 2352 182 2407; x_wconf 82' lang='lat' dir='ltr'>tcum</span> <span class='ocrx_word' id='word_1_141' title='bbox 195 2334 335 2431; x_wconf 82' lang='lat' dir='ltr'>primis,</span> <span class='ocrx_word' id='word_1_142' title='bbox 357 2347 413 2410; x_wconf 89' lang='lat' dir='ltr'>tot</span> <span class='ocrx_word' id='word_1_143' title='bbox 433 2332 505 2409; x_wconf 88' lang='lat' dir='ltr'>aliis</span> <span class='ocrx_word' id='word_1_144' title='bbox 525 2339 620 2409; x_wconf 83' lang='lat' dir='ltr'>curis</span> <span class='ocrx_word' id='word_1_145' title='bbox 643 2333 717 2411; x_wconf 88' lang='lat' dir='ltr'>hoc</span> <span class='ocrx_word' id='word_1_146' title='bbox 736 2318 900 2432; x_wconf 80' lang='lat' dir='ltr'>tempo&#39;re</span> <span class='ocrx_word' id='word_1_147' title='bbox 921 2325 1040 2403; x_wconf 83' lang='lat' dir='ltr'>distra-</span> 
     </span>
    </p>

    <p class='ocr_par' dir='ltr' id='par_1_9' title="bbox 71 2425 1041 2638">
     <span class='ocr_line' id='line_1_22' title="bbox 86 2425 1041 2537; baseline -0.002 -30"><span class='ocrx_word' id='word_1_148' title='bbox 86 2425 167 2507; x_wconf 86' lang='lat' dir='ltr'>fieri</span> <span class='ocrx_word' id='word_1_149' title='bbox 185 2439 319 2531; x_wconf 86' lang='lat' dir='ltr'>potuit,</span> <span class='ocrx_word' id='word_1_150' title='bbox 351 2452 391 2512; x_wconf 88' lang='lat' dir='ltr'>ut</span> <span class='ocrx_word' id='word_1_151' title='bbox 416 2434 604 2511; x_wconf 82' lang='lat' dir='ltr'>cuiuslibet</span> <span class='ocrx_word' id='word_1_152' title='bbox 631 2435 771 2537; x_wconf 89' lang='lat' dir='ltr'>populi,</span> <span class='ocrx_word' id='word_1_153' title='bbox 798 2429 1041 2533; x_wconf 89' lang='lat' dir='ltr'>quorumlibet</span> 
     </span>
     <span class='ocr_line' id='line_1_23' title="bbox 71 2531 1037 2638; baseline -0.004 -29"><span class='ocrx_word' id='word_1_154' title='bbox 71 2551 224 2633; x_wconf 77' lang='lat' dir='ltr'>uiuum,</span> <span class='ocrx_word' id='word_1_155' title='bbox 264 2534 530 2638; x_wconf 85' lang='lat' dir='ltr'>praestantiores</span> <span class='ocrx_word' id='word_1_156' title='bbox 559 2535 829 2636; x_wconf 77' lang='lat' dir='ltr'>seledioresque</span> <span class='ocrx_word' id='word_1_157' title='bbox 853 2531 1037 2610; x_wconf 87' lang='lat' dir='ltr'>conduce-</span> 
     </span>
    </p>

    <p class='ocr_par' dir='ltr' id='par_1_10' title="bbox 71 2632 1040 2738">
     <span class='ocr_line' id='line_1_24' title="bbox 71 2632 1040 2738; baseline -0.002 -27"><span class='ocrx_word' id='word_1_158' title='bbox 71 2666 78 2711; x_wconf 89' lang='grc' dir='ltr'><strong>ι</strong></span> <span class='ocrx_word' id='word_1_159' title='bbox 94 2633 304 2738; x_wconf 85' lang='lat' dir='ltr'>scriptores,</span> <span class='ocrx_word' id='word_1_160' title='bbox 327 2639 531 2719; x_wconf 70' lang='lat' dir='ltr'>conductos</span> <span class='ocrx_word' id='word_1_161' title='bbox 552 2646 591 2717; x_wconf 90' lang='lat' dir='ltr'>in</span> <span class='ocrx_word' id='word_1_162' title='bbox 611 2637 694 2717; x_wconf 88' lang='lat' dir='ltr'>suos</span> <span class='ocrx_word' id='word_1_163' title='bbox 714 2640 857 2717; x_wconf 86' lang='lat' dir='ltr'>ordines</span> <span class='ocrx_word' id='word_1_164' title='bbox 876 2632 1040 2735; x_wconf 55' lang='lat' dir='ltr'>dispone*</span> 
     </span>
    </p>

    <p class='ocr_par' dir='ltr' id='par_1_11' title="bbox 71 2732 1111 3144">
     <span class='ocr_line' id='line_1_25' title="bbox 71 2732 1111 2843; baseline -0.002 -28"><span class='ocrx_word' id='word_1_165' title='bbox 71 2768 97 2833; x_wconf 87' lang='grc' dir='ltr'>ι,</span> <span class='ocrx_word' id='word_1_166' title='bbox 117 2732 169 2813; x_wconf 85' lang='lat' dir='ltr'>stc</span> <span class='ocrx_word' id='word_1_167' title='bbox 183 2734 319 2839; x_wconf 83' lang='lat' dir='ltr'>positos</span> <span class='ocrx_word' id='word_1_168' title='bbox 333 2741 575 2841; x_wconf 85' lang='lat' dir='ltr'>recenserem,</span> <span class='ocrx_word' id='word_1_169' title='bbox 602 2759 710 2843; x_wconf 87' lang='lat' dir='ltr'>atque</span> <span class='ocrx_word' id='word_1_170' title='bbox 724 2742 769 2818; x_wconf 89' lang='lat' dir='ltr'>de</span> <span class='ocrx_word' id='word_1_171' title='bbox 782 2747 842 2835; x_wconf 85' lang='lat' dir='ltr'>iis,</span> <span class='ocrx_word' id='word_1_172' title='bbox 864 2743 925 2841; x_wconf 89' lang='lat' dir='ltr'>qui</span> <span class='ocrx_word' id='word_1_173' title='bbox 942 2743 1041 2838; x_wconf 87' lang='lat' dir='ltr'>prin·</span> <span class='ocrx_word' id='word_1_174' title='bbox 1108 2756 1111 2761; x_wconf 88' lang='grc'><em>·</em></span> 
     </span>
     <span class='ocr_line' id='line_1_26' title="bbox 71 2837 1038 2947; baseline -0.005 -28"><span class='ocrx_word' id='word_1_175' title='bbox 71 2837 454 2947; x_wconf 77' lang='lat' dir='ltr'>spraeitannoresque</span> <span class='ocrx_word' id='word_1_176' title='bbox 467 2848 552 2923; x_wconf 81' lang='lat' dir='ltr'>milti</span> <span class='ocrx_word' id='word_1_177' title='bbox 568 2838 642 2940; x_wconf 82' lang='lat' dir='ltr'>visi,</span> <span class='ocrx_word' id='word_1_178' title='bbox 658 2848 715 2922; x_wconf 89' lang='lat' dir='ltr'>vel</span> <span class='ocrx_word' id='word_1_179' title='bbox 731 2843 799 2947; x_wconf 90' lang='lat' dir='ltr'>ipse</span> <span class='ocrx_word' id='word_1_180' title='bbox 813 2842 1038 2939; x_wconf 87' lang='lat' dir='ltr'>sententiam,</span> 
     </span>
     <span class='ocr_line' id='line_1_27' title="bbox 71 2940 1042 3052; baseline -0.003 -29"><span class='ocrx_word' id='word_1_181' title='bbox 71 2942 203 3040; x_wconf 81' lang='lat' dir='ltr'>:odio,</span> <span class='ocrx_word' id='word_1_182' title='bbox 241 2940 316 3021; x_wconf 85' lang='lat' dir='ltr'>fine</span> <span class='ocrx_word' id='word_1_183' title='bbox 334 2947 483 3044; x_wconf 88' lang='lat' dir='ltr'>invidia,</span> <span class='ocrx_word' id='word_1_184' title='bbox 510 2948 611 3052; x_wconf 87' lang='lat' dir='ltr'>saepe</span> <span class='ocrx_word' id='word_1_185' title='bbox 632 2945 746 3027; x_wconf 90' lang='lat' dir='ltr'>debita</span> <span class='ocrx_word' id='word_1_186' title='bbox 768 2971 853 3023; x_wconf 90' lang='lat' dir='ltr'>curn</span> <span class='ocrx_word' id='word_1_187' title='bbox 876 2942 980 3020; x_wconf 91' lang='lat' dir='ltr'>laude</span> <span class='ocrx_word' id='word_1_188' title='bbox 1004 2962 1042 3020; x_wconf 93' lang='lat' dir='ltr'>et</span> 
     </span>
     <span class='ocr_line' id='line_1_28' title="bbox 71 3050 1040 3144; baseline -0.005 -19"><span class='ocrx_word' id='word_1_189' title='bbox 71 3050 216 3129; x_wconf 75' lang='lat' dir='ltr'>storum</span> <span class='ocrx_word' id='word_1_190' title='bbox 245 3056 480 3129; x_wconf 86' lang='lat' dir='ltr'>veneratione</span> <span class='ocrx_word' id='word_1_191' title='bbox 507 3051 682 3144; x_wconf 85' lang='lat' dir='ltr'>dicerem,</span> <span class='ocrx_word' id='word_1_192' title='bbox 714 3053 770 3128; x_wconf 87' lang='lat' dir='ltr'>vel</span> <span class='ocrx_word' id='word_1_193' title='bbox 803 3051 956 3126; x_wconf 90' lang='lat' dir='ltr'>aliorum</span> <span class='ocrx_word' id='word_1_194' title='bbox 978 3068 1040 3121; x_wconf 87' lang='lat' dir='ltr'>me</span> 
     </span>
    </p>

    <p class='ocr_par' dir='ltr' id='par_1_12' title="bbox 71 3147 1042 3356">
     <span class='ocr_line' id='line_1_29' title="bbox 71 3147 1042 3249; baseline -0.005 -20"><span class='ocrx_word' id='word_1_195' title='bbox 71 3172 110 3249; x_wconf 68' lang='lat' dir='ltr'>ge</span> <span class='ocrx_word' id='word_1_196' title='bbox 129 3166 169 3229; x_wconf 85' lang='lat' dir='ltr'>et</span> <span class='ocrx_word' id='word_1_197' title='bbox 191 3147 353 3229; x_wconf 72' lang='lat' dir='ltr'>dodona</span> <span class='ocrx_word' id='word_1_198' title='bbox 376 3171 412 3231; x_wconf 87' lang='lat' dir='ltr'>et</span> <span class='ocrx_word' id='word_1_199' title='bbox 440 3154 571 3233; x_wconf 82' lang='lat' dir='ltr'>iuditio</span> <span class='ocrx_word' id='word_1_200' title='bbox 596 3153 847 3231; x_wconf 89' lang='lat' dir='ltr'>excellentium</span> <span class='ocrx_word' id='word_1_201' title='bbox 875 3157 1042 3227; x_wconf 85' lang='lat' dir='ltr'>virorum</span> 
     </span>
     <span class='ocr_line' id='line_1_30' title="bbox 71 3250 1042 3356; baseline 0 -29"><span class='ocrx_word' id='word_1_202' title='bbox 71 3257 193 3347; x_wconf 89' lang='lat' dir='ltr'>cium,</span> <span class='ocrx_word' id='word_1_203' title='bbox 216 3257 321 3353; x_wconf 85' lang='lat' dir='ltr'>quale</span> <span class='ocrx_word' id='word_1_204' title='bbox 334 3279 366 3332; x_wconf 82' lang='lat' dir='ltr'>e.</span> <span class='ocrx_word' id='word_1_205' title='bbox 381 3278 435 3356; x_wconf 84' lang='lat' dir='ltr'>gr.</span> <span class='ocrx_word' id='word_1_206' title='bbox 448 3263 486 3335; x_wconf 91' lang='lat' dir='ltr'>in</span> <span class='ocrx_word' id='word_1_207' title='bbox 501 3255 682 3336; x_wconf 83' lang='lat' dir='ltr'>Polonicis</span> <span class='ocrx_word' id='word_1_208' title='bbox 699 3278 896 3333; x_wconf 81' lang='lat' dir='ltr'>uatunu</span> <span class='ocrx_word' id='word_1_209' title='bbox 915 3250 1042 3330; x_wconf 90' lang='lat' dir='ltr'>corda·</span> 
     </span>
    </p>

    <p class='ocr_par' dir='ltr' id='par_1_13' title="bbox 71 3354 1041 3460">
     <span class='ocr_line' id='line_1_31' title="bbox 71 3354 1041 3460; baseline 0 -29"><span class='ocrx_word' id='word_1_210' title='bbox 71 3358 117 3431; x_wconf 86' lang='lat' dir='ltr'>uti</span> <span class='ocrx_word' id='word_1_211' title='bbox 147 3360 235 3455; x_wconf 88' lang='lat' dir='ltr'>viri,</span> <span class='ocrx_word' id='word_1_212' title='bbox 272 3380 495 3437; x_wconf 86' lang='lat' dir='ltr'>annotarem.</span> <span class='ocrx_word' id='word_1_213' title='bbox 549 3357 639 3437; x_wconf 89' lang='lat' dir='ltr'>Sunt</span> <span class='ocrx_word' id='word_1_214' title='bbox 661 3359 806 3460; x_wconf 86' lang='lat' dir='ltr'>quidem</span> <span class='ocrx_word' id='word_1_215' title='bbox 828 3376 866 3436; x_wconf 85' lang='lat' dir='ltr'>et</span> <span class='ocrx_word' id='word_1_216' title='bbox 893 3364 930 3431; x_wconf 91' lang='lat' dir='ltr'>in</span> <span class='ocrx_word' id='word_1_217' title='bbox 959 3354 1041 3453; x_wconf 88' lang='lat' dir='ltr'>hac,</span> 
     </span>
    </p>

    <p class='ocr_par' dir='ltr' id='par_1_14' title="bbox 71 3453 1174 4081">
     <span class='ocr_line' id='line_1_32' title="bbox 71 3453 1041 3561; baseline 0.002 -28"><span class='ocrx_word' id='word_1_218' title='bbox 71 3482 108 3533; x_wconf 90' lang='lat' dir='ltr'>m</span> <span class='ocrx_word' id='word_1_219' title='bbox 120 3453 290 3559; x_wconf 76' lang='lat' dir='ltr'>inscripsi,</span> <span class='ocrx_word' id='word_1_220' title='bbox 302 3456 425 3538; x_wconf 67' lang='lat' dir='ltr'>Scaea</span> <span class='ocrx_word' id='word_1_221' title='bbox 444 3462 660 3561; x_wconf 69' lang='lat' dir='ltr'>Bibliotheca,</span> <span class='ocrx_word' id='word_1_222' title='bbox 680 3470 864 3541; x_wconf 86' lang='lat' dir='ltr'>minorum</span> <span class='ocrx_word' id='word_1_223' title='bbox 877 3464 1041 3558; x_wconf 81' lang='lat' dir='ltr'>gentium</span> 
     </span>
     <span class='ocr_line' id='line_1_33' title="bbox 71 3560 1113 3666; baseline -0.002 -28"><span class='ocrx_word' id='word_1_224' title='bbox 71 3560 208 3660; x_wconf 74' lang='lat' dir='ltr'>ptores,</span> <span class='ocrx_word' id='word_1_225' title='bbox 230 3570 364 3662; x_wconf 89' lang='lat' dir='ltr'>quique</span> <span class='ocrx_word' id='word_1_226' title='bbox 379 3589 450 3644; x_wconf 90' lang='lat' dir='ltr'>nec</span> <span class='ocrx_word' id='word_1_227' title='bbox 463 3567 513 3646; x_wconf 92' lang='lat' dir='ltr'>ob</span> <span class='ocrx_word' id='word_1_228' title='bbox 526 3573 730 3666; x_wconf 87' lang='lat' dir='ltr'>ingenium,</span> <span class='ocrx_word' id='word_1_229' title='bbox 750 3588 821 3641; x_wconf 90' lang='lat' dir='ltr'>nec</span> <span class='ocrx_word' id='word_1_230' title='bbox 837 3560 1040 3640; x_wconf 75' lang='lat' dir='ltr'>dositinam</span> <span class='ocrx_word' id='word_1_231' title='bbox 1106 3568 1113 3589; x_wconf 86' lang='lat'><strong>¹</strong></span> 
     </span>
     <span class='ocr_line' id='line_1_34' title="bbox 71 3662 1174 3767; baseline 0.005 -30"><span class='ocrx_word' id='word_1_232' title='bbox 71 3662 243 3763; x_wconf 81' lang='lat' dir='ltr'>rdicium,</span> <span class='ocrx_word' id='word_1_233' title='bbox 263 3669 420 3743; x_wconf 89' lang='lat' dir='ltr'>multum</span> <span class='ocrx_word' id='word_1_234' title='bbox 434 3668 515 3748; x_wconf 90' lang='lat' dir='ltr'>sunt</span> <span class='ocrx_word' id='word_1_235' title='bbox 535 3669 717 3762; x_wconf 91' lang='lat' dir='ltr'>laudandi,</span> <span class='ocrx_word' id='word_1_236' title='bbox 746 3690 902 3767; x_wconf 87' lang='lat' dir='ltr'>quorum</span> <span class='ocrx_word' id='word_1_237' title='bbox 917 3682 1040 3742; x_wconf 89' lang='lat' dir='ltr'>tamen</span> <span class='ocrx_word' id='word_1_238' title='bbox 1165 3690 1174 3713; x_wconf 76' lang='lat'><strong><em>‘</em></strong></span> 
     </span>
     <span class='ocr_line' id='line_1_35' title="bbox 71 3762 1059 3871; baseline 0.002 -30"><span class='ocrx_word' id='word_1_239' title='bbox 71 3764 216 3866; x_wconf 82' lang='lat' dir='ltr'>tpilandi</span> <span class='ocrx_word' id='word_1_240' title='bbox 244 3766 419 3869; x_wconf 80' lang='lat' dir='ltr'>diligentia</span> <span class='ocrx_word' id='word_1_241' title='bbox 442 3797 520 3853; x_wconf 89' lang='lat' dir='ltr'>non</span> <span class='ocrx_word' id='word_1_242' title='bbox 541 3774 645 3871; x_wconf 88' lang='lat' dir='ltr'>plane</span> <span class='ocrx_word' id='word_1_243' title='bbox 669 3766 955 3864; x_wconf 83' lang='lat' dir='ltr'>contemnenda,</span> <span class='ocrx_word' id='word_1_244' title='bbox 995 3762 1059 3843; x_wconf 60' lang='lat' dir='ltr'>de*</span> 
     </span>
     <span class='ocr_line' id='line_1_36' title="bbox 85 3870 1144 3974; baseline 0 -33"><span class='ocrx_word' id='word_1_245' title='bbox 85 3884 211 3947; x_wconf 82' lang='lat' dir='ltr'>autem</span> <span class='ocrx_word' id='word_1_246' title='bbox 246 3871 384 3950; x_wconf 74' lang='lat' dir='ltr'>cuneus</span> <span class='ocrx_word' id='word_1_247' title='bbox 414 3870 583 3974; x_wconf 82' lang='lat' dir='ltr'>figillatim</span> <span class='ocrx_word' id='word_1_248' title='bbox 609 3874 818 3952; x_wconf 87' lang='lat' dir='ltr'>sententiam</span> <span class='ocrx_word' id='word_1_249' title='bbox 851 3870 969 3949; x_wconf 86' lang='lat' dir='ltr'>dicere</span> <span class='ocrx_word' id='word_1_250' title='bbox 1002 3888 1038 3949; x_wconf 91' lang='lat' dir='ltr'>et</span> <span class='ocrx_word' id='word_1_251' title='bbox 1141 3936 1144 3941; x_wconf 87' lang='lat'><em>.</em></span> 
     </span>
     <span class='ocr_line' id='line_1_37' title="bbox 71 3966 1041 4081; baseline 0 -30"><span class='ocrx_word' id='word_1_252' title='bbox 71 3966 148 4051; x_wconf 73' lang='lat' dir='ltr'>lori</span> <span class='ocrx_word' id='word_1_253' title='bbox 163 3974 299 4049; x_wconf 86' lang='lat' dir='ltr'>etmihi</span> <span class='ocrx_word' id='word_1_254' title='bbox 318 3972 402 4057; x_wconf 91' lang='lat' dir='ltr'>sane</span> <span class='ocrx_word' id='word_1_255' title='bbox 420 3974 533 4060; x_wconf 83' lang='lat' dir='ltr'>suisset</span> <span class='ocrx_word' id='word_1_256' title='bbox 552 3973 825 4081; x_wconf 80' lang='lat' dir='ltr'>permolestum,</span> <span class='ocrx_word' id='word_1_257' title='bbox 850 3995 940 4060; x_wconf 73' lang='lat' dir='ltr'>&#39;nam</span> <span class='ocrx_word' id='word_1_258' title='bbox 960 3997 1041 4051; x_wconf 87' lang='lat' dir='ltr'>eae·</span> 
     </span>
    </p>

    <p class='ocr_par' dir='ltr' id='par_1_15' title="bbox 71 4071 1039 4188">
     <span class='ocr_line' id='line_1_38' title="bbox 71 4071 1039 4188; baseline 0.014 -40"><span class='ocrx_word' id='word_1_259' title='bbox 71 4074 137 4153; x_wconf 82' lang='lat' dir='ltr'>iiis</span> <span class='ocrx_word' id='word_1_260' title='bbox 150 4075 221 4179; x_wconf 77' lang='lat' dir='ltr'>list.</span> <span class='ocrx_word' id='word_1_261' title='bbox 243 4078 329 4188; x_wconf 64' lang='lat' dir='ltr'>Tts·</span> <span class='ocrx_word' id='word_1_262' title='bbox 557 4085 560 4091; x_wconf 83' lang='lat'>&#39;</span> <span class='ocrx_word' id='word_1_263' title='bbox 601 4078 625 4158; x_wconf 94' lang='lat' dir='ltr'>b</span> <span class='ocrx_word' id='word_1_264' title='bbox 849 4074 854 4083; x_wconf 77' lang='grc'><strong>’</strong></span> <span class='ocrx_word' id='word_1_265' title='bbox 954 4071 1039 4161; x_wconf 85' lang='lat' dir='ltr'>dem</span> 
     </span>
    </p>
   </div>
   <div class='ocr_carea' id='block_1_3' title="bbox 0 0 1246 4650">
    <p class='ocr_par' dir='ltr' id='par_1_16' title="bbox 0 0 1246 4650">
     <span class='ocr_line' id='line_1_39' title="bbox 0 0 1246 4650; baseline 0 0"><span class='ocrx_word' id='word_1_266' title='bbox 0 0 1246 4650; x_wconf 95' lang='lat' dir='ltr'> </span> 
     </span>
    </p>
   </div>
  </div>
 </body>
</html>
