2482 4650
151 292 154 299 ¹
297 208 418 303 Srript.
434 203 504 305 ast.
517 211 608 283 univ.-
617 204 705 304 saer.
716 206 830 286 XVI.
854 195 860 209 ’
968 258 974 267 ·
999 153 1073 320 xo}

77 384 410 512 autipsrssaeculis,
429 391 638 495 prosecutus
654 391 712 473 esi
764 372 958 491 Plurimae,
974 420 1069 498 quae

77 490 188 590 siant,
202 493 374 573 editiones
386 521 463 573 non
470 496 663 575 obscurum
678 493 964 600 praestantissuno
979 523 1069 598 ope·

77 594 323 675 testimonium
338 596 542 698 perhibent3
566 599 753 702 postquam
774 606 871 676 enim
892 599 1068 702 prodiisset
1159 652 1162 664 ·
1185 642 1188 647 ·

77 726 158 775 mus
178 705 315 799 primus
334 700 462 777 Romae
488 721 595 799 1588·
616 700 640 779 s.
666 701 835 780 sumtibus
854 722 891 781 et
910 702 1066 806 auspiciis

77 795 218 879 tntificis
233 801 399 899 Romani,
415 831 517 891 mox,
540 823 623 881 ante
643 813 759 904 operis
776 802 928 881 universi
950 806 1065 906 perse-

77 929 206 999 onem,
220 911 356 1005 priores
371 912 460 984 tonsi
480 905 752 1004 lleuedis1595‚
776 906 932 985 Coloniae
952 916 1063 1006 1596,

77 1009 252 1110 riwrrpr'uc
271 1033 364 1103 1597
381 1007 451 1111 sqq.
473 1028 508 1086 et
521 1012 725 1112 Mogurrit'uc
741 1018 833 1085 1601
851 1019 943 1113 typis
958 1036 1061 1113 repe·
1144 1078 1157 1088 .

77 1168 87 1187 .
144 1110 326 1188 Prioribus
340 1121 447 1189 tomis
468 1111 607 1193 Romae
624 1121 731 1191 etiam
756 1140 850 1209 1597
873 1109 1003 1191 recusrs
1025 1128 1063 1192 et
1108 1172 1111 1191 .
1186 1204 1211 1209 Η

83 1211 239 1290 aussore
253 1212 328 1314 ipso
342 1214 452 1292 audis
463 1233 499 1292 et
514 1215 722 1317 emendatis,
736 1218 880 1293 ultimus
893 1213 952 1292 seu
969 1215 1062 1293 duo-

77 1323 193 1393 cimus
213 1316 341 1417 prodiit
361 1313 439 1393 ibid.
468 1326 584 1412 1607,
610 1313 739 1396 finiens
762 1342 793 1395 a.
820 1336 935 1413 11983
968 1342 1062 1417 quae
1153 1356 1155 1361 ·

77 1426 137 1497 itio
158 1416 329 1495 Romana
352 1424 390 1511 (ι
403 1440 498 1516 588·
513 1429 631 1517 1607)
652 1418 830 1498 rarissima.
879 1418 1063 1499 Editiones

77 1544 138 1599 πο
154 1540 303 1599 curatae
323 1520 434 1598 Casan.
455 1534 562 1618 1624.
577 1524 788 1627 Autuerpiae
815 1531 921 1600 1610.
945 1522 1077 1604 Calon..

77 1648 141 1715 ²4·
162 1622 332 1727 Aaivcrp.
353 1634 461 1723 1⁶75·
480 1626 594 1705 Verres.
614 1653 723 1724 1705.
742 1624 967 1728 ¹Mogontiua
984 1625 1060 1701 e'di·
1096 1664 1102 1671 ·

95 1752 130 1803 a.
152 1734 247 1801 1601
267 1728 310 1804 ab
332 1728 479 1808 audiore
495 1729 568 1831 ipso
586 1737 772 1830 recognita
792 1747 830 1807 et
849 1729 952 1804 auda
973 1727 1059 1804 dici·
1159 1764 1162 1773 ·

77 1856 96 1927 ·‚
112 1848 157 1907 ut
165 1833 314 1907 aliarum
329 1830 447 1932 postea
459 1833 503 1910 ab
518 1834 591 1910 aliis
605 1831 849 1914 cudendanrm
863 1830 1060 1908 editionum

77 1950 267 2035 >totypum
293 1932 387 2012 esset.
439 1936 481 2013 ln
503 1934 717 2013 editionibus
737 1926 1060 2033 Anrverpiensrbus

77 2032 122 2112 est
133 2032 358 2113 munusue
377 2039 592 2117 Monarchia
605 2035 732 2134 Sicula,
746 2054 872 2137 utpote
886 2044 976 2135 regis
989 2034 1074 2109 Hi„

77 2162 221 2217 mortim
243 2135 332 2216 iussu
347 2165 409 2241 per
431 2135 637 2217 carnificem
658 2136 886 2235 combustus,
921 2144 982 2238 qui
1003 2153 1058 2213 ta·

77 2266 113 2319 n
129 2240 183 2317 T.
195 2236 260 2317 Xi.
285 2242 445 2321 editionis
460 2241 646 2320 Romanae
666 2241 833 2335 habetur,
862 2258 898 2318 et
912 2233 1058 2319 seorsim

77 2367 177 2449 oque
189 2340 301 2421 exstat
317 2341 432 2449 Paris
452 2351 559 2440 1609.
576 2362 611 2433 8.
684 2337 934 2419 Recentissuna
948 2340 1057 2419 editio
1118 2406 1125 2417 .

77 2440 153 2527 >dit
165 2444 281 2523 Lucae
304 2466 425 2541 ¹738·
443 2475 538 2544 1759
563 2472 651 2527 cum
667 2451 939 2524 continuatione
957 2443 1056 2543 Ray·

77 2548 188 2627 uuna
203 2566 241 2628 ct
255 2558 374 2629 critica
394 2544 855 2651 chronologico-historica
876 2545 922 2623 P.
940 2545 1056 2622 Anto·
1077 2626 1081 2633 ,
1177 2622 1180 2629 ,

84 2652 211 2753 Pagri,
233 2660 320 2731 etin
334 2653 486 2741 eandem
511 2645 871 2730 animadversionibus
885 2647 1066 2733 Domitia·

140 2758 167 2832 ii
195 2772 234 2833 et
260 2756 298 2835 P.
327 2757 400 2834 Iob.
435 2758 605 2833 Dominici
634 2755 766 2854 Manst,
804 2753 1055 2851 Voluminibus

77 2782 221 2935 bsvlu.
234 2854 474 2938 [Volumina
485 2866 549 2937 tria
562 2855 755 2959 posteriora
774 2854 910 2932 indices
925 2860 1052 2955 copio-

77 2958 175 3041 imos
189 2967 307 3063 operis
316 2958 477 3067 'unipersr
490 2968 690 3041 continent.
736 2959 863 3056 Magni
875 2955 956 3033 sane
969 2955 1088 3059 usus·
1197 2992 1201 3001 ·

77 3084 114 3161 tt,
127 3089 223 3166 quae
237 3063 389 3169 Marfius
402 3063 539 3141 addidit.
591 3056 732 3139 Infinita
753 3067 850 3135 enim
866 3064 1050 3159 incognita
1191 3072 1198 3079 “

77 3175 181 3249 eonio
203 3167 495 3268 exscriptoribus
519 3168 660 3242 haurire
678 3169 813 3265 potuit,
849 3168 910 3262 qui
931 3157 1050 3262 postea

77 3296 170 3349 mun
184 3276 352 3347 vixerunt
366 3268 661 3371 scripseruntque:
687 3265 799 3343 multa
821 3260 1049 3364 prolatasunt

77 3390 243 3453 cuneata
254 3390 291 3464 et
308 3375 451 3453 chartae
465 3378 644 3471 antiquae,
658 3392 747 3470 quas
762 3366 817 3442 iile
833 3366 988 3443 adhibuit
1003 3360 1048 3439 ad

77 3500 201 3589 ,quae
213 3476 387 3554 Batonius
403 3488 619 3565 narraverat,
636 3464 893 3562 confirmanda,
909 3485 944 3544 et
953 3486 1048 3564 quac

77 3586 181 3659 oriae
202 3579 297 3656 civili
318 3586 423 3655 etiam
453 3577 534 3655 sunt
556 3568 740 3651 utilissima.
791 3574 903 3647 Variis
925 3587 1055 3656 tamen,

77 3688 161 3763 ocis
179 3682 271 3759 haec
285 3680 391 3759 editio
405 3673 591 3759 Mansrana
613 3675 772 3753 mutilata
793 3671 841 3753 est
865 3693 1048 3746 errorum-
1148 3720 1155 3733 -

77 3786 454 3889 etypographicorum
470 3782 584 3882 piena.
631 3779 674 3855 in
694 3778 779 3853 alias
797 3777 934 3875 linguas
952 3788 1047 3872 opus
1137 3830 1140 3835 .
1173 3862 1182 3873 ι

77 3893 264 3967 umanum
285 3885 530 3964 transfundere
545 3884 664 3984 plures
682 3878 763 3957 sunt
779 3883 920 3971 conati,
942 3880 1047 3951 mini·
1144 3950 1150 3965 ,

96 4014 193 4068 vero
220 3990 265 4067 ad
286 3991 495 4077 umbilicum
519 3982 711 4087 perducere
732 3979 892 4055 laborem
918 3993 1047 4073 potue·

77 4112 108 4176 c.
164 4088 362 4199 Carriirrais
381 4091 429 4193 dc
448 4110 628 4268 baurgs
654 4080 788 4160 indicem
807 4073 1087 4186 alphabeticim‘
1133 4184 1149 4200 '-

625 4211 649 4278 4
938 4205 1048 4259 rerum
