2482 4650
608 152 616 169 .,
874 152 903 185 Ι,
992 160 995 179 Ι
1069 176 1074 191 Ι

41 462 45 469 -
65 400 164 503 teria
183 428 272 496 non
290 394 509 514 plurinum
531 397 721 506 excitare,
752 398 848 490 siin
868 402 1112 495 contrarium

62 568 215 658 tuopte
232 547 420 635 arbitratu
447 545 574 634 sverin
627 547 778 662 Neque
802 547 973 636 enimin
995 545 1114 663 sylvis
1223 660 1226 667 Ι

29 704 33 713 “
68 688 228 805 arbores
256 716 395 780 natura
423 688 515 779 sacit
542 692 595 779 ad
627 691 797 780 eandem
825 692 1112 807 proceritatem

73 832 307 933 excrescere3
343 810 472 951 quide
499 835 852 961 quodearundem
874 834 943 925 sub
964 839 1117 930 umbra·

11 1072 30 1095 ..,
73 979 301 1069 luxuriantes
328 977 516 1095 persaepe
549 977 728 1078 frutices,
771 981 1017 1097 virgultaque
1044 985 1103 1072 in
1160 1017 1163 1023 ·
1210 960 1215 967 ¹

11 1094 30 1237 ξι
74 1150 231 1233 mnata,
258 1152 302 1215 et
320 1127 496 1249 myricae
517 1124 687 1214 humiles
707 1123 971 1214 observantur.
1027 1128 1102 1217 Fa-
1205 1124 1212 1149 ²

11 1238 31 1387 ἶ
74 1271 182 1358 eitad
193 1269 410 1359 hortorum
425 1272 728 1379 amoenitatem,
762 1270 876 1385 quod
889 1299 975 1359 non
990 1272 1128 1363 idem&
1223 1374 1227 1381 ¹

11 1392 26 1415 ⁸
72 1415 206 1530 ubique
236 1417 347 1504 nitor
375 1414 639 1531 conspiciatur
663 1417 708 1505 in
729 1415 913 1522 floribus,
948 1417 1100 1533 quippe
1179 1498 1189 1529 ‚.

11 1650 22 1661 ,,
45 1586 235 1676 ·quomm
259 1562 467 1677 multiplex
488 1563 652 1651 varietas
682 1556 901 1672 diverfique
921 1560 1098 1675 pulchri.
1123 1548 1137 1563 ⁴

10 1678 22 1834 Π
63 1707 203 1795 tudinis
228 1686 378 1822 ‘gradus
403 1705 534 1794 multo
557 1707 685 1820 magis
712 1705 967 1793 blandiuntur
995 1736 1095 1795 ocu-
1211 1762 1221 1775 -

55 1852 111 1939 lie
166 1853 240 1942 Ne
263 1852 442 1967 pluribus
464 1878 621 1946 morer;
652 1850 794 1938 eadem
813 1849 1009 1938 librorum
1030 1822 1094 1943 hiss
1138 1876 1141 1881 ·
1194 1902 1199 1917 ι

10 1996 291 2115 ¹sloricorum
321 1997 442 2103 ratio,
482 2024 529 2084 ac
566 1994 820 2083 metallorum
857 1994 914 2085 est
943 2025 1092 2087 numo-
1142 2050 1148 2069 ·

46 2171 235 2258 rumque
296 2141 403 2254 Quis
431 2142 540 2229 enim
566 2140 630 2229 vel
655 2139 870 2254 plumbum
892 2139 1089 2251 abiceret,

34 2290 146 2380 ,tanti
170 2290 215 2376 in
237 2284 424 2375 aedificiis
447 2284 561 2373 etad
589 2284 694 2372 varia
723 2285 765 2369 in
796 2284 876 2372 vita
903 2314 1103 2391 commu<

41 2438 91 2525 ni
127 2433 387 2535 instrumenta
415 2427 529 2517 usus?
567 2430 656 2544 quis
688 2456 909 2514 numonun
937 2428 1089 2525 avidus,

35 2576 197 2672 etiamfi
215 2608 266 2666 ex
286 2604 384 2666 auro
407 2572 616 2664 fabricatos
641 2573 764 2687 pluris
794 2570 987 2673 aestiman
1025 2572 1087 2669 id-
1222 2559 1226 2581 ²

35 2728 160 2817 circo
192 2752 278 2813 non
314 2749 451 2811 aereos
480 2716 552 2805 suo
586 2717 779 2830 relinquat
809 2718 962 2831 pretio,
1017 2740 1088 2807 aut
1201 2770 1205 2778 -

33 2899 181 2963 meere
204 2870 253 2957 iis
278 2867 373 2955 velit
395 2864 590 2981 gratuito?
620 2862 730 2949 Libri
752 2862 855 2949 adeo
884 2861 1085 2948 interdum
1145 2944 1150 2953 .

33 3020 220 3136 peiores,
247 3042 342 3115 cum
366 3006 572 3102 adulterini
590 3005 708 3093 etiam
738 3008 871 3105 numi,
896 3007 1003 3121 iique
1018 3006 1084 3093 -iu-

32 3193 83 3253 re
108 3158 197 3266 suo,
224 3180 426 3285 notentur,
454 3149 643 3244 curiofius
664 3151 799 3265 paullo
830 3174 948 3263 atque
968 3177 1084 3263 aper·

32 3310 116 3398 tius
141 3304 313 3392 notandi
334 3301 507 3390 omnino
532 3295 639 3392 sunt,
668 3296 943 3408 monendique
961 3294 1104 3382 lesio-⁴
1208 3288 1212 3297 ’

36 3482 123 3549 res,
148 3475 195 3537 ut
217 3444 288 3536 sibi
310 3447 360 3536 ab
377 3474 520 3535 eorum
539 3442 711 3531 lectione
732 3465 799 3531 aut
821 3439 892 3528 usu
905 3461 1083 3541 caveant,

37 3594 255 3689 velsaltem
269 3593 317 3683 iis
332 3616 447 3681 caute
461 3612 632 3677 utantur.

124 3742 257 3830 Erunt
271 3738 447 3851 quidem,
473 3736 524 3822 de
539 3762 624 3848 quo
640 3731 794 3820 nullum
807 3728 925 3816 nobis
940 3725 994 3817 ell
1007 3728 1085 3817 du:

43 3888 174 3992 bium,
200 3885 343 3999 quibus
358 3883 528 3969 nimium
543 3879 626 3966 hoc
646 3901 824 3991 putetur,
849 3901 980 3987 neque
997 3899 1080 3962 tam
1208 3910 1212 3917 ·

47 4030 253 4148 iugulare,
281 4056 404 4142 quam
433 4052 573 4140 partun
598 4024 687 4110 viro
707 4018 877 4135 sapiente
898 4018 1080 4133 dignum.
1108 4015 1120 4023 ’“

557 4198 581 4257 a
615 4194 670 4282 3¹
1035 4188 1099 4246 rn·
